name,time,symbol,last,ask_price,ask_size,bid_price,bid_size,volume,total_volume,timezone
ticks,1499864400000000000,i1709,4900,4900,1127,4890,62,3358,3358,GMT+8
ticks,1499864400382000000,i1709,4895,4890,1,4885,418,1944,5302,GMT+8
ticks,1499864400879000000,i1709,4895,4895,25,4890,72,1050,6352,GMT+8
ticks,1499864401378000000,i1709,4895,4900,1427,4895,4,246,6598,GMT+8
ticks,1499864401877000000,i1709,4890,4890,196,4885,260,882,7480,GMT+8
ticks,1499864402381000000,i1709,4895,4895,106,4890,59,522,8002,GMT+8
ticks,1499864402847000000,i1709,4890,4895,134,4890,21,492,8494,GMT+8
ticks,1499864403381000000,i1709,4895,4895,190,4890,145,102,8596,GMT+8
ticks,1499864403878000000,i1709,4895,4895,232,4890,455,136,8732,GMT+8
ticks,1499864404368000000,i1709,4895,4895,355,4890,528,78,8810,GMT+8
ticks,1499864404864000000,i1709,4895,4895,225,4890,562,310,9120,GMT+8
ticks,1499864405357000000,i1709,4895,4895,279,4890,604,38,9158,GMT+8
ticks,1499864405854000000,i1709,4895,4895,388,4890,497,220,9378,GMT+8
ticks,1499864406375000000,i1709,4890,4895,392,4890,498,176,9554,GMT+8
ticks,1499864406875000000,i1709,4890,4895,395,4890,497,10,9564,GMT+8
ticks,1499864407378000000,i1709,4895,4895,407,4890,481,40,9604,GMT+8
ticks,1499864407864000000,i1709,4895,4895,294,4890,583,50,9654,GMT+8
ticks,1499864408371000000,i1709,4890,4895,215,4890,585,276,9930,GMT+8
ticks,1499864408866000000,i1709,4895,4895,222,4890,523,150,10080,GMT+8
ticks,1499864409348000000,i1709,4890,4895,169,4890,631,216,10296,GMT+8
ticks,1499864409873000000,i1709,4895,4895,72,4890,712,218,10514,GMT+8
ticks,1499864410375000000,i1709,4895,4895,94,4890,711,104,10618,GMT+8
ticks,1499864410870000000,i1709,4890,4895,150,4890,745,82,10700,GMT+8
ticks,1499864411333000000,i1709,4890,4895,186,4890,748,64,10764,GMT+8
ticks,1499864411865000000,i1709,4890,4895,500,4890,716,30,10794,GMT+8
ticks,1499864412380000000,i1709,4890,4895,558,4890,713,208,11002,GMT+8
ticks,1499864412878000000,i1709,4890,4895,574,4890,824,2,11004,GMT+8
ticks,1499864413355000000,i1709,4890,4895,576,4890,800,20,11024,GMT+8
ticks,1499864413843000000,i1709,4895,4895,577,4890,795,28,11052,GMT+8
ticks,1499864414356000000,i1709,4890,4890,107,4885,778,1588,12640,GMT+8
ticks,1499864414826000000,i1709,4890,4890,376,4885,803,26,12666,GMT+8
ticks,1499864415359000000,i1709,4890,4890,405,4885,796,28,12694,GMT+8
ticks,1499864415861000000,i1709,4890,4890,310,4885,794,210,12904,GMT+8
ticks,1499864416323000000,i1709,4890,4890,278,4885,801,74,12978,GMT+8
ticks,1499864416802000000,i1709,4890,4890,15,4885,800,718,13696,GMT+8
ticks,1499864417317000000,i1709,4895,4895,732,4890,312,94,13790,GMT+8
ticks,1499864417841000000,i1709,4890,4895,736,4890,362,4,13794,GMT+8
ticks,1499864418347000000,i1709,4890,4895,733,4890,393,14,13808,GMT+8
ticks,1499864418834000000,i1709,4890,4895,734,4890,376,42,13850,GMT+8
ticks,1499864419328000000,i1709,4890,4895,735,4890,252,216,14066,GMT+8
ticks,1499864419874000000,i1709,4890,4890,67,4885,704,624,14690,GMT+8
ticks,1499864420368000000,i1709,4890,4890,61,4885,685,52,14742,GMT+8
ticks,1499864420877000000,i1709,4890,4895,780,4890,4,148,14890,GMT+8
ticks,1499864421375000000,i1709,4890,4890,15,4885,679,378,15268,GMT+8
ticks,1499864421837000000,i1709,4890,4890,5,4885,677,42,15310,GMT+8
ticks,1499864422343000000,i1709,4890,4890,34,4885,705,222,15532,GMT+8
ticks,1499864422874000000,i1709,4885,4890,106,4885,765,40,15572,GMT+8
ticks,1499864423365000000,i1709,4890,4890,200,4885,764,20,15592,GMT+8
ticks,1499864423881000000,i1709,4890,4890,250,4885,756,40,15632,GMT+8
ticks,1499864424346000000,i1709,4885,4890,249,4885,768,2,15634,GMT+8
ticks,1499864424880000000,i1709,4890,4890,253,4885,759,14,15648,GMT+8
ticks,1499864425346000000,i1709,4885,4890,270,4885,756,2,15650,GMT+8
ticks,1499864425863000000,i1709,4890,4890,291,4885,751,28,15678,GMT+8
ticks,1499864426353000000,i1709,4885,4890,293,4885,841,30,15708,GMT+8
ticks,1499864426879000000,i1709,4885,4890,307,4885,845,28,15736,GMT+8
ticks,1499864427381000000,i1709,4885,4890,312,4885,839,6,15742,GMT+8
ticks,1499864427849000000,i1709,4890,4890,303,4885,823,28,15770,GMT+8
ticks,1499864428380000000,i1709,4885,4890,311,4885,824,16,15786,GMT+8
ticks,1499864428839000000,i1709,4885,4890,346,4885,832,0,15786,GMT+8
ticks,1499864429347000000,i1709,4885,4890,339,4885,818,58,15844,GMT+8
ticks,1499864429861000000,i1709,4885,4890,327,4885,808,46,15890,GMT+8
ticks,1499864430370000000,i1709,4885,4890,379,4885,801,14,15904,GMT+8
ticks,1499864430864000000,i1709,4885,4890,375,4885,823,46,15950,GMT+8
ticks,1499864431348000000,i1709,4885,4890,370,4885,816,36,15986,GMT+8
ticks,1499864431879000000,i1709,4890,4890,354,4885,928,12,15998,GMT+8
ticks,1499864432328000000,i1709,4885,4890,365,4885,962,4,16002,GMT+8
ticks,1499864432877000000,i1709,4885,4890,367,4885,965,4,16006,GMT+8
ticks,1499864433307000000,i1709,4890,4890,360,4885,966,16,16022,GMT+8
ticks,1499864433882000000,i1709,4885,4890,336,4885,967,48,16070,GMT+8
ticks,1499864434371000000,i1709,4885,4890,333,4885,966,14,16084,GMT+8
ticks,1499864434870000000,i1709,4885,4890,306,4885,968,18,16102,GMT+8
ticks,1499864435351000000,i1709,4890,4890,306,4885,968,32,16134,GMT+8
ticks,1499864435839000000,i1709,4885,4890,308,4885,966,26,16160,GMT+8
ticks,1499864436360000000,i1709,4885,4890,311,4885,954,28,16188,GMT+8
ticks,1499864436864000000,i1709,4885,4890,179,4885,972,316,16504,GMT+8
ticks,1499864437294000000,i1709,4890,4890,140,4885,982,42,16546,GMT+8
ticks,1499864437866000000,i1709,4890,4890,108,4885,987,20,16566,GMT+8
ticks,1499864438345000000,i1709,4890,4890,91,4885,986,38,16604,GMT+8
ticks,1499864438846000000,i1709,4890,4895,1202,4890,68,284,16888,GMT+8
ticks,1499864439347000000,i1709,4890,4895,1198,4890,49,132,17020,GMT+8
ticks,1499864439878000000,i1709,4890,4895,1199,4890,90,122,17142,GMT+8
ticks,1499864440356000000,i1709,4890,4895,1200,4890,96,2,17144,GMT+8
ticks,1499864440806000000,i1709,4890,4895,1201,4890,93,2,17146,GMT+8
ticks,1499864441367000000,i1709,4890,4895,1198,4890,67,64,17210,GMT+8
ticks,1499864441881000000,i1709,4890,4895,1198,4890,78,2,17212,GMT+8
ticks,1499864442372000000,i1709,4890,4895,1198,4890,134,12,17224,GMT+8
ticks,1499864442871000000,i1709,4890,4895,1185,4890,647,8,17232,GMT+8
ticks,1499864443375000000,i1709,4890,4895,1206,4890,618,158,17390,GMT+8
ticks,1499864443863000000,i1709,4890,4895,1195,4890,598,48,17438,GMT+8
ticks,1499864444345000000,i1709,4890,4895,1195,4890,593,12,17450,GMT+8
ticks,1499864444850000000,i1709,4890,4895,1163,4890,637,68,17518,GMT+8
ticks,1499864445362000000,i1709,4890,4895,1168,4890,634,8,17526,GMT+8
ticks,1499864445859000000,i1709,4890,4895,1158,4890,634,26,17552,GMT+8
ticks,1499864446369000000,i1709,4890,4895,1160,4890,629,24,17576,GMT+8
ticks,1499864446820000000,i1709,4890,4895,1160,4890,625,0,17576,GMT+8
ticks,1499864447345000000,i1709,4895,4895,1158,4890,625,4,17580,GMT+8
ticks,1499864447871000000,i1709,4890,4895,1151,4890,706,12,17592,GMT+8
ticks,1499864448338000000,i1709,4895,4895,1153,4890,712,30,17622,GMT+8
ticks,1499864448810000000,i1709,4895,4895,904,4890,726,450,18072,GMT+8
ticks,1499864449362000000,i1709,4890,4895,924,4890,725,2,18074,GMT+8
ticks,1499864449866000000,i1709,4890,4895,910,4890,733,34,18108,GMT+8
ticks,1499864450330000000,i1709,4890,4895,910,4890,733,2,18110,GMT+8
ticks,1499864450876000000,i1709,4890,4895,909,4890,732,8,18118,GMT+8
ticks,1499864451251000000,i1709,4895,4895,917,4890,733,18,18136,GMT+8
ticks,1499864451880000000,i1709,4895,4895,915,4890,750,4,18140,GMT+8
ticks,1499864452265000000,i1709,4890,4895,915,4890,784,22,18162,GMT+8
ticks,1499864452834000000,i1709,4890,4895,913,4890,784,6,18168,GMT+8
ticks,1499864453369000000,i1709,4890,4895,912,4890,780,56,18224,GMT+8
ticks,1499864453857000000,i1709,4895,4895,899,4890,824,10,18234,GMT+8
ticks,1499864454324000000,i1709,4895,4895,902,4890,829,0,18234,GMT+8
ticks,1499864454873000000,i1709,4895,4895,880,4890,788,134,18368,GMT+8
ticks,1499864455351000000,i1709,4895,4895,877,4890,779,14,18382,GMT+8
ticks,1499864455851000000,i1709,4890,4895,911,4890,778,4,18386,GMT+8
ticks,1499864456366000000,i1709,4895,4895,900,4890,778,22,18408,GMT+8
ticks,1499864456836000000,i1709,4895,4895,878,4890,776,20,18428,GMT+8
ticks,1499864457356000000,i1709,4895,4895,876,4890,736,6,18434,GMT+8
ticks,1499864457829000000,i1709,4890,4895,882,4890,730,10,18444,GMT+8
ticks,1499864458272000000,i1709,4890,4895,882,4890,728,6,18450,GMT+8
ticks,1499864458830000000,i1709,4890,4895,883,4890,732,0,18450,GMT+8
ticks,1499864459326000000,i1709,4895,4895,839,4890,735,108,18558,GMT+8
ticks,1499864460331000000,i1709,4890,4895,838,4890,731,14,18572,GMT+8
ticks,1499864460828000000,i1709,4895,4895,554,4890,823,590,19162,GMT+8
ticks,1499864461369000000,i1709,4895,4895,551,4890,814,26,19188,GMT+8
ticks,1499864461840000000,i1709,4890,4895,545,4890,884,14,19202,GMT+8
ticks,1499864462328000000,i1709,4890,4895,543,4890,884,6,19208,GMT+8
ticks,1499864462830000000,i1709,4895,4895,486,4890,876,132,19340,GMT+8
ticks,1499864463329000000,i1709,4890,4895,693,4890,872,8,19348,GMT+8
ticks,1499864463843000000,i1709,4895,4895,678,4890,918,54,19402,GMT+8
ticks,1499864464362000000,i1709,4890,4895,682,4890,918,4,19406,GMT+8
ticks,1499864464804000000,i1709,4895,4895,681,4890,1099,2,19408,GMT+8
ticks,1499864465368000000,i1709,4895,4895,650,4890,1101,82,19490,GMT+8
ticks,1499864465807000000,i1709,4895,4895,648,4890,1102,4,19494,GMT+8
ticks,1499864466351000000,i1709,4895,4895,646,4890,1100,14,19508,GMT+8
ticks,1499864466846000000,i1709,4895,4895,633,4890,1238,32,19540,GMT+8
ticks,1499864467361000000,i1709,4895,4895,586,4890,1314,106,19646,GMT+8
ticks,1499864467861000000,i1709,4895,4895,586,4890,1343,10,19656,GMT+8
ticks,1499864468312000000,i1709,4895,4895,556,4890,1347,24,19680,GMT+8
ticks,1499864468858000000,i1709,4895,4895,555,4890,1342,26,19706,GMT+8
ticks,1499864469378000000,i1709,4895,4895,556,4890,1348,0,19706,GMT+8
ticks,1499864469862000000,i1709,4895,4895,530,4890,1353,62,19768,GMT+8
ticks,1499864470358000000,i1709,4895,4895,499,4890,1372,82,19850,GMT+8
ticks,1499864470858000000,i1709,4895,4895,462,4890,1377,76,19926,GMT+8
ticks,1499864471382000000,i1709,4895,4895,485,4890,1357,196,20122,GMT+8
ticks,1499864471823000000,i1709,4895,4895,444,4890,1303,182,20304,GMT+8
ticks,1499864472343000000,i1709,4895,4895,393,4890,1298,106,20410,GMT+8
ticks,1499864472879000000,i1709,4895,4895,346,4890,1811,120,20530,GMT+8
ticks,1499864473371000000,i1709,4895,4895,338,4890,1811,16,20546,GMT+8
ticks,1499864473859000000,i1709,4890,4895,358,4890,1789,44,20590,GMT+8
ticks,1499864474375000000,i1709,4895,4895,311,4890,1769,102,20692,GMT+8
ticks,1499864474835000000,i1709,4895,4895,308,4890,1768,8,20700,GMT+8
ticks,1499864475383000000,i1709,4895,4895,306,4890,1768,8,20708,GMT+8
ticks,1499864475879000000,i1709,4895,4895,300,4890,1768,12,20720,GMT+8
ticks,1499864476381000000,i1709,4895,4895,266,4890,1763,72,20792,GMT+8
ticks,1499864476854000000,i1709,4895,4895,203,4890,1764,86,20878,GMT+8
ticks,1499864477304000000,i1709,4895,4895,156,4890,1764,96,20974,GMT+8
ticks,1499864477865000000,i1709,4895,4895,159,4890,1743,62,21036,GMT+8
ticks,1499864478355000000,i1709,4895,4895,112,4890,1761,96,21132,GMT+8
ticks,1499864478880000000,i1709,4895,4895,16,4890,1764,194,21326,GMT+8
ticks,1499864479352000000,i1709,4895,4900,2597,4895,249,48,21374,GMT+8
ticks,1499864479879000000,i1709,4895,4900,2582,4895,425,20,21394,GMT+8
ticks,1499864480314000000,i1709,4895,4900,2568,4895,686,34,21428,GMT+8
ticks,1499864480879000000,i1709,4895,4900,2567,4895,744,10,21438,GMT+8
ticks,1499864481348000000,i1709,4895,4900,2563,4895,748,10,21448,GMT+8
ticks,1499864481807000000,i1709,4900,4900,2563,4895,759,20,21468,GMT+8
ticks,1499864482370000000,i1709,4895,4900,1442,4895,912,2448,23916,GMT+8
ticks,1499864482848000000,i1709,4905,4905,1243,4900,368,2922,26838,GMT+8
ticks,1499864483346000000,i1709,4905,4905,1044,4900,454,410,27248,GMT+8
ticks,1499864483859000000,i1709,4905,4905,1189,4900,460,74,27322,GMT+8
ticks,1499864484334000000,i1709,4900,4905,1189,4900,454,14,27336,GMT+8
ticks,1499864484846000000,i1709,4905,4905,1220,4900,456,4,27340,GMT+8
ticks,1499864485377000000,i1709,4900,4905,1215,4900,541,102,27442,GMT+8
ticks,1499864485858000000,i1709,4905,4905,1259,4900,500,68,27510,GMT+8
ticks,1499864486368000000,i1709,4900,4905,1258,4900,488,30,27540,GMT+8
ticks,1499864486882000000,i1709,4900,4905,1257,4900,486,6,27546,GMT+8
ticks,1499864487339000000,i1709,4905,4905,1285,4900,651,64,27610,GMT+8
ticks,1499864487799000000,i1709,4900,4905,1285,4900,671,16,27626,GMT+8
ticks,1499864488354000000,i1709,4900,4905,1285,4900,661,24,27650,GMT+8
ticks,1499864488853000000,i1709,4900,4905,1287,4900,713,20,27670,GMT+8
ticks,1499864489317000000,i1709,4905,4905,1281,4900,716,16,27686,GMT+8
ticks,1499864489740000000,i1709,4905,4905,1302,4900,679,110,27796,GMT+8
ticks,1499864490374000000,i1709,4905,4905,1298,4900,688,12,27808,GMT+8
ticks,1499864490875000000,i1709,4905,4905,1356,4900,710,116,27924,GMT+8
ticks,1499864491349000000,i1709,4900,4905,1355,4900,702,26,27950,GMT+8
ticks,1499864491881000000,i1709,4905,4905,1242,4900,716,206,28156,GMT+8
ticks,1499864492364000000,i1709,4905,4905,1228,4900,716,34,28190,GMT+8
ticks,1499864492869000000,i1709,4900,4905,1219,4900,704,64,28254,GMT+8
ticks,1499864493369000000,i1709,4905,4905,1238,4900,705,2,28256,GMT+8
ticks,1499864493862000000,i1709,4905,4905,1248,4900,701,30,28286,GMT+8
ticks,1499864494298000000,i1709,4900,4905,1260,4900,699,8,28294,GMT+8
ticks,1499864494825000000,i1709,4900,4900,75,4895,1086,1180,29474,GMT+8
ticks,1499864495320000000,i1709,4900,4905,1101,4900,76,632,30106,GMT+8
ticks,1499864495868000000,i1709,4905,4905,854,4900,73,612,30718,GMT+8
ticks,1499864496367000000,i1709,4905,4905,942,4900,172,22,30740,GMT+8
ticks,1499864496864000000,i1709,4900,4905,942,4900,257,26,30766,GMT+8
ticks,1499864497383000000,i1709,4905,4905,928,4900,416,10,30776,GMT+8
ticks,1499864497855000000,i1709,4905,4905,920,4900,438,18,30794,GMT+8
ticks,1499864498356000000,i1709,4905,4905,893,4900,445,24,30818,GMT+8
ticks,1499864498873000000,i1709,4905,4905,921,4900,433,52,30870,GMT+8
ticks,1499864499373000000,i1709,4900,4905,947,4900,438,8,30878,GMT+8
ticks,1499864499879000000,i1709,4900,4905,948,4900,343,4,30882,GMT+8
ticks,1499864500380000000,i1709,4905,4905,952,4900,541,14,30896,GMT+8
ticks,1499864500843000000,i1709,4905,4905,951,4900,549,16,30912,GMT+8
ticks,1499864501369000000,i1709,4905,4905,953,4900,593,8,30920,GMT+8
ticks,1499864501838000000,i1709,4905,4905,953,4900,592,4,30924,GMT+8
ticks,1499864502326000000,i1709,4905,4905,950,4900,605,16,30940,GMT+8
ticks,1499864502860000000,i1709,4905,4905,947,4900,606,10,30950,GMT+8
ticks,1499864503356000000,i1709,4905,4905,960,4900,601,14,30964,GMT+8
ticks,1499864503856000000,i1709,4905,4905,956,4900,637,14,30978,GMT+8
ticks,1499864504312000000,i1709,4905,4905,956,4900,637,108,31086,GMT+8
ticks,1499864504819000000,i1709,4905,4905,750,4900,747,414,31500,GMT+8
ticks,1499864505368000000,i1709,4900,4905,872,4900,747,4,31504,GMT+8
ticks,1499864505858000000,i1709,4905,4905,978,4900,734,44,31548,GMT+8
ticks,1499864506383000000,i1709,4905,4905,975,4900,742,12,31560,GMT+8
ticks,1499864506787000000,i1709,4905,4905,985,4900,751,20,31580,GMT+8
ticks,1499864507374000000,i1709,4905,4905,974,4900,752,22,31602,GMT+8
ticks,1499864507784000000,i1709,4900,4905,979,4900,748,10,31612,GMT+8
ticks,1499864508307000000,i1709,4905,4905,977,4900,752,6,31618,GMT+8
ticks,1499864508881000000,i1709,4900,4905,967,4900,791,48,31666,GMT+8
ticks,1499864509365000000,i1709,4900,4905,965,4900,790,8,31674,GMT+8
ticks,1499864509879000000,i1709,4900,4905,969,4900,798,4,31678,GMT+8
ticks,1499864510383000000,i1709,4900,4905,969,4900,655,206,31884,GMT+8
ticks,1499864510879000000,i1709,4900,4905,958,4900,611,128,32012,GMT+8
ticks,1499864511378000000,i1709,4905,4905,918,4900,586,46,32058,GMT+8
ticks,1499864511861000000,i1709,4905,4905,905,4900,587,30,32088,GMT+8
ticks,1499864512377000000,i1709,4905,4905,903,4900,592,4,32092,GMT+8
ticks,1499864512838000000,i1709,4905,4905,901,4900,743,10,32102,GMT+8
ticks,1499864513373000000,i1709,4900,4905,902,4900,739,16,32118,GMT+8
ticks,1499864513805000000,i1709,4900,4905,905,4900,744,4,32122,GMT+8
ticks,1499864514347000000,i1709,4900,4905,907,4900,735,42,32164,GMT+8
ticks,1499864514881000000,i1709,4900,4905,910,4900,663,164,32328,GMT+8
ticks,1499864515332000000,i1709,4900,4905,911,4900,652,28,32356,GMT+8
ticks,1499864515877000000,i1709,4900,4905,915,4900,672,0,32356,GMT+8
ticks,1499864516345000000,i1709,4900,4905,905,4900,483,428,32784,GMT+8
ticks,1499864516868000000,i1709,4900,4905,914,4900,477,24,32808,GMT+8
ticks,1499864517332000000,i1709,4900,4905,923,4900,376,206,33014,GMT+8
ticks,1499864517866000000,i1709,4905,4905,942,4900,271,46,33060,GMT+8
ticks,1499864518381000000,i1709,4900,4905,941,4900,230,124,33184,GMT+8
ticks,1499864518816000000,i1709,4900,4905,943,4900,224,12,33196,GMT+8
ticks,1499864519372000000,i1709,4905,4905,942,4900,44,386,33582,GMT+8
ticks,1499864519883000000,i1709,4900,4905,931,4900,34,48,33630,GMT+8
ticks,1499864520314000000,i1709,4900,4905,943,4900,18,60,33690,GMT+8
ticks,1499864520829000000,i1709,4900,4900,157,4895,1334,48,33738,GMT+8
ticks,1499864521383000000,i1709,4900,4900,67,4895,1338,204,33942,GMT+8
ticks,1499864521835000000,i1709,4905,4905,941,4900,104,152,34094,GMT+8
ticks,1499864522375000000,i1709,4900,4905,928,4900,218,50,34144,GMT+8
ticks,1499864522865000000,i1709,4900,4905,950,4900,153,176,34320,GMT+8
ticks,1499864523353000000,i1709,4905,4905,935,4900,156,34,34354,GMT+8
ticks,1499864523818000000,i1709,4905,4905,895,4900,140,242,34596,GMT+8
ticks,1499864524317000000,i1709,4900,4905,949,4900,17,268,34864,GMT+8
ticks,1499864524866000000,i1709,4900,4900,56,4895,1344,116,34980,GMT+8
ticks,1499864525369000000,i1709,4895,4900,142,4895,1338,16,34996,GMT+8
ticks,1499864525813000000,i1709,4900,4900,192,4895,1319,14,35010,GMT+8
ticks,1499864526382000000,i1709,4900,4905,980,4900,17,730,35740,GMT+8
ticks,1499864526873000000,i1709,4900,4900,110,4895,1322,82,35822,GMT+8
ticks,1499864527380000000,i1709,4900,4900,109,4895,1388,4,35826,GMT+8
ticks,1499864527873000000,i1709,4900,4900,96,4895,1363,32,35858,GMT+8
ticks,1499864528327000000,i1709,4895,4900,770,4895,1360,16,35874,GMT+8
ticks,1499864528835000000,i1709,4900,4900,903,4895,1356,4,35878,GMT+8
ticks,1499864529367000000,i1709,4895,4900,950,4895,1289,116,35994,GMT+8
ticks,1499864529881000000,i1709,4900,4900,956,4895,1174,24,36018,GMT+8
ticks,1499864530371000000,i1709,4900,4900,841,4895,1149,50,36068,GMT+8
ticks,1499864530821000000,i1709,4900,4900,945,4895,1111,20,36088,GMT+8
ticks,1499864531356000000,i1709,4900,4900,957,4895,1108,6,36094,GMT+8
ticks,1499864531799000000,i1709,4900,4900,937,4895,1108,50,36144,GMT+8
ticks,1499864532364000000,i1709,4900,4900,1134,4895,1108,10,36154,GMT+8
ticks,1499864532882000000,i1709,4895,4900,1337,4895,1069,10,36164,GMT+8
ticks,1499864533341000000,i1709,4895,4900,1390,4895,1068,0,36164,GMT+8
ticks,1499864533862000000,i1709,4895,4900,1392,4895,1076,4,36168,GMT+8
ticks,1499864534316000000,i1709,4895,4900,1401,4895,1054,40,36208,GMT+8
ticks,1499864534867000000,i1709,4895,4900,1405,4895,1049,42,36250,GMT+8
ticks,1499864535365000000,i1709,4895,4900,1412,4895,1039,78,36328,GMT+8
ticks,1499864535842000000,i1709,4895,4900,1412,4895,1029,16,36344,GMT+8
ticks,1499864536343000000,i1709,4900,4900,1404,4895,1029,24,36368,GMT+8
ticks,1499864536865000000,i1709,4895,4900,1406,4895,1029,2,36370,GMT+8
ticks,1499864537377000000,i1709,4895,4900,1405,4895,1108,52,36422,GMT+8
ticks,1499864537835000000,i1709,4895,4900,1400,4895,1048,134,36556,GMT+8
ticks,1499864538376000000,i1709,4895,4900,1407,4895,988,140,36696,GMT+8
ticks,1499864538874000000,i1709,4895,4900,1408,4895,965,6,36702,GMT+8
ticks,1499864539382000000,i1709,4895,4900,1409,4895,906,116,36818,GMT+8
ticks,1499864539799000000,i1709,4895,4900,1496,4895,784,76,36894,GMT+8
ticks,1499864540299000000,i1709,4895,4900,1496,4895,834,0,36894,GMT+8
ticks,1499864540875000000,i1709,4895,4900,1510,4895,747,74,36968,GMT+8
ticks,1499864541351000000,i1709,4895,4900,1389,4895,725,216,37184,GMT+8
ticks,1499864541811000000,i1709,4900,4900,1405,4895,718,248,37432,GMT+8
ticks,1499864542309000000,i1709,4895,4900,1404,4895,537,406,37838,GMT+8
ticks,1499864542852000000,i1709,4895,4900,1399,4895,448,192,38030,GMT+8
ticks,1499864543371000000,i1709,4895,4900,1423,4895,68,622,38652,GMT+8
ticks,1499864543880000000,i1709,4895,4895,317,4890,1986,170,38822,GMT+8
ticks,1499864544300000000,i1709,4895,4895,194,4890,1980,276,39098,GMT+8
ticks,1499864544808000000,i1709,4895,4895,193,4890,2007,26,39124,GMT+8
ticks,1499864545382000000,i1709,4895,4895,195,4890,2006,0,39124,GMT+8
ticks,1499864545875000000,i1709,4895,4895,305,4890,2007,6,39130,GMT+8
ticks,1499864546367000000,i1709,4890,4895,306,4890,2004,6,39136,GMT+8
ticks,1499864546880000000,i1709,4890,4895,332,4890,2002,2,39138,GMT+8
ticks,1499864547203000000,i1709,4895,4895,330,4890,1997,6,39144,GMT+8
ticks,1499864547882000000,i1709,4895,4895,313,4890,1992,32,39176,GMT+8
ticks,1499864548382000000,i1709,4890,4895,302,4890,1929,28,39204,GMT+8
ticks,1499864548838000000,i1709,4890,4895,248,4890,1926,112,39316,GMT+8
ticks,1499864549301000000,i1709,4895,4895,275,4890,1933,6,39322,GMT+8
ticks,1499864549865000000,i1709,4895,4895,277,4890,1935,2,39324,GMT+8
ticks,1499864550340000000,i1709,4895,4895,276,4890,1933,20,39344,GMT+8
ticks,1499864550811000000,i1709,4890,4895,521,4890,1834,206,39550,GMT+8
ticks,1499864551365000000,i1709,4890,4895,550,4890,1817,8,39558,GMT+8
ticks,1499864551877000000,i1709,4890,4895,632,4890,1817,6,39564,GMT+8
ticks,1499864552327000000,i1709,4895,4895,626,4890,1863,18,39582,GMT+8
ticks,1499864552849000000,i1709,4890,4895,628,4890,1867,6,39588,GMT+8
ticks,1499864553354000000,i1709,4890,4895,630,4890,1852,28,39616,GMT+8
ticks,1499864553876000000,i1709,4890,4895,643,4890,1850,4,39620,GMT+8
ticks,1499864554314000000,i1709,4890,4895,646,4890,1871,10,39630,GMT+8
ticks,1499864554793000000,i1709,4895,4895,643,4890,2001,12,39642,GMT+8
ticks,1499864555371000000,i1709,4890,4895,651,4890,1993,14,39656,GMT+8
ticks,1499864555846000000,i1709,4890,4895,649,4890,1981,16,39672,GMT+8
ticks,1499864556367000000,i1709,4890,4895,654,4890,1973,18,39690,GMT+8
ticks,1499864556831000000,i1709,4890,4895,664,4890,1987,2,39692,GMT+8
ticks,1499864557363000000,i1709,4895,4895,645,4890,1975,24,39716,GMT+8
ticks,1499864557800000000,i1709,4895,4895,649,4890,1974,2,39718,GMT+8
ticks,1499864558355000000,i1709,4895,4895,651,4890,1861,26,39744,GMT+8
ticks,1499864558879000000,i1709,4890,4895,695,4890,1802,12,39756,GMT+8
ticks,1499864559362000000,i1709,4890,4895,753,4890,1799,6,39762,GMT+8
ticks,1499864559863000000,i1709,4890,4895,756,4890,1798,2,39764,GMT+8
ticks,1499864560356000000,i1709,4890,4895,777,4890,1753,92,39856,GMT+8
ticks,1499864560852000000,i1709,4890,4895,806,4890,1710,88,39944,GMT+8
ticks,1499864561381000000,i1709,4890,4895,825,4890,1692,32,39976,GMT+8
ticks,1499864561869000000,i1709,4890,4895,905,4890,1668,14,39990,GMT+8
ticks,1499864562382000000,i1709,4895,4895,883,4890,1686,12,40002,GMT+8
ticks,1499864562884000000,i1709,4895,4895,865,4890,1685,0,40002,GMT+8
ticks,1499864563341000000,i1709,4895,4895,898,4890,1661,50,40052,GMT+8
ticks,1499864563881000000,i1709,4890,4895,897,4890,1663,2,40054,GMT+8
ticks,1499864564382000000,i1709,4890,4895,911,4890,1650,30,40084,GMT+8
ticks,1499864564881000000,i1709,4890,4895,911,4890,1648,4,40088,GMT+8
ticks,1499864565346000000,i1709,4890,4895,913,4890,1647,2,40090,GMT+8
ticks,1499864565878000000,i1709,4890,4895,913,4890,1655,4,40094,GMT+8
ticks,1499864566378000000,i1709,4890,4895,924,4890,1640,42,40136,GMT+8
ticks,1499864566884000000,i1709,4890,4895,940,4890,1733,16,40152,GMT+8
ticks,1499864567378000000,i1709,4895,4895,951,4890,1732,4,40156,GMT+8
ticks,1499864567868000000,i1709,4890,4895,957,4890,1730,4,40160,GMT+8
ticks,1499864568319000000,i1709,4895,4895,956,4890,1727,4,40164,GMT+8
ticks,1499864568878000000,i1709,4895,4895,961,4890,1726,4,40168,GMT+8
ticks,1499864569347000000,i1709,4890,4895,979,4890,1721,10,40178,GMT+8
ticks,1499864569792000000,i1709,4890,4895,981,4890,1616,10,40188,GMT+8
ticks,1499864570342000000,i1709,4895,4895,989,4890,1616,2,40190,GMT+8
ticks,1499864570871000000,i1709,4895,4895,994,4890,1614,8,40198,GMT+8
ticks,1499864571365000000,i1709,4895,4895,1023,4890,1615,0,40198,GMT+8
ticks,1499864571884000000,i1709,4890,4895,1108,4890,1614,2,40200,GMT+8
ticks,1499864572367000000,i1709,4895,4895,1172,4890,1111,12,40212,GMT+8
ticks,1499864572863000000,i1709,4890,4895,644,4890,1229,1050,41262,GMT+8
ticks,1499864573356000000,i1709,4890,4895,647,4890,1182,96,41358,GMT+8
ticks,1499864573830000000,i1709,4890,4895,721,4890,1176,14,41372,GMT+8
ticks,1499864574379000000,i1709,4890,4895,735,4890,1042,62,41434,GMT+8
ticks,1499864574865000000,i1709,4890,4895,685,4890,985,136,41570,GMT+8
ticks,1499864575325000000,i1709,4890,4895,698,4890,977,16,41586,GMT+8
ticks,1499864575773000000,i1709,4890,4895,699,4890,968,18,41604,GMT+8
ticks,1499864576259000000,i1709,4890,4895,672,4890,901,136,41740,GMT+8
ticks,1499864576848000000,i1709,4890,4895,675,4890,948,8,41748,GMT+8
ticks,1499864577337000000,i1709,4890,4895,676,4890,921,56,41804,GMT+8
ticks,1499864577863000000,i1709,4890,4895,676,4890,882,20,41824,GMT+8
ticks,1499864578383000000,i1709,4890,4895,681,4890,941,0,41824,GMT+8
ticks,1499864578812000000,i1709,4895,4895,677,4890,1041,52,41876,GMT+8
ticks,1499864579301000000,i1709,4895,4895,651,4890,1050,0,41876,GMT+8
ticks,1499864579855000000,i1709,4890,4895,649,4890,1106,4,41880,GMT+8
ticks,1499864580346000000,i1709,4890,4895,650,4890,1110,0,41880,GMT+8
ticks,1499864580832000000,i1709,4890,4895,654,4890,1167,6,41886,GMT+8
ticks,1499864581305000000,i1709,4890,4895,721,4890,1156,18,41904,GMT+8
ticks,1499864581861000000,i1709,4890,4895,725,4890,1148,22,41926,GMT+8
ticks,1499864582345000000,i1709,4895,4895,1014,4890,1221,6,41932,GMT+8
ticks,1499864582846000000,i1709,4890,4895,1026,4890,1220,4,41936,GMT+8
ticks,1499864583370000000,i1709,4895,4895,1052,4890,1212,12,41948,GMT+8
ticks,1499864583881000000,i1709,4890,4895,1061,4890,1206,12,41960,GMT+8
ticks,1499864584323000000,i1709,4895,4895,1172,4890,1205,202,42162,GMT+8
ticks,1499864584835000000,i1709,4890,4895,1187,4890,1203,6,42168,GMT+8
ticks,1499864585095000000,i1709,4890,4895,1188,4890,1203,0,42168,GMT+8
ticks,1499864585862000000,i1709,4890,4895,1195,4890,1203,0,42168,GMT+8
ticks,1499864586245000000,i1709,4890,4895,1200,4890,1205,0,42168,GMT+8
ticks,1499864586861000000,i1709,4890,4895,1208,4890,1199,12,42180,GMT+8
ticks,1499864587383000000,i1709,4890,4895,1209,4890,1191,22,42202,GMT+8
ticks,1499864587857000000,i1709,4890,4895,1217,4890,1189,4,42206,GMT+8
ticks,1499864588384000000,i1709,4890,4895,1217,4890,1176,26,42232,GMT+8
ticks,1499864588872000000,i1709,4890,4895,1214,4890,1150,18,42250,GMT+8
ticks,1499864589228000000,i1709,4890,4895,1217,4890,1144,12,42262,GMT+8
ticks,1499864589839000000,i1709,4890,4895,1224,4890,1122,46,42308,GMT+8
ticks,1499864590366000000,i1709,4890,4895,1228,4890,1121,6,42314,GMT+8
ticks,1499864590814000000,i1709,4890,4895,1228,4890,1117,18,42332,GMT+8
ticks,1499864591328000000,i1709,4895,4895,1228,4890,1119,4,42336,GMT+8
ticks,1499864591868000000,i1709,4890,4895,1226,4890,1107,24,42360,GMT+8
ticks,1499864592345000000,i1709,4890,4895,1228,4890,1089,34,42394,GMT+8
ticks,1499864592849000000,i1709,4890,4895,1229,4890,1108,42,42436,GMT+8
ticks,1499864593357000000,i1709,4890,4895,1224,4890,1103,28,42464,GMT+8
ticks,1499864593708000000,i1709,4890,4895,1220,4890,1102,2,42466,GMT+8
ticks,1499864594375000000,i1709,4890,4895,1122,4890,1103,208,42674,GMT+8
ticks,1499864594875000000,i1709,4895,4895,1122,4890,1098,12,42686,GMT+8
ticks,1499864595287000000,i1709,4895,4895,1120,4890,1098,4,42690,GMT+8
ticks,1499864595877000000,i1709,4890,4895,1121,4890,1095,8,42698,GMT+8
ticks,1499864596294000000,i1709,4895,4895,1120,4890,1095,4,42702,GMT+8
ticks,1499864596818000000,i1709,4890,4895,1120,4890,1078,74,42776,GMT+8
ticks,1499864597377000000,i1709,4890,4895,1120,4890,1074,14,42790,GMT+8
ticks,1499864597828000000,i1709,4890,4895,1124,4890,1068,12,42802,GMT+8
ticks,1499864598301000000,i1709,4895,4895,1130,4890,1068,2,42804,GMT+8
ticks,1499864598839000000,i1709,4890,4895,1132,4890,1047,78,42882,GMT+8
ticks,1499864599378000000,i1709,4895,4895,1132,4890,1050,2,42884,GMT+8
ticks,1499864599836000000,i1709,4890,4895,1133,4890,1049,2,42886,GMT+8
ticks,1499864600375000000,i1709,4890,4895,1134,4890,944,200,43086,GMT+8
ticks,1499864600878000000,i1709,4890,4895,1066,4890,876,148,43234,GMT+8
ticks,1499864601379000000,i1709,4890,4895,1064,4890,872,8,43242,GMT+8
ticks,1499864601880000000,i1709,4890,4895,1068,4890,1067,10,43252,GMT+8
ticks,1499864602367000000,i1709,4890,4895,1069,4890,1056,24,43276,GMT+8
ticks,1499864602818000000,i1709,4890,4895,1072,4890,1045,22,43298,GMT+8
ticks,1499864603353000000,i1709,4890,4895,1063,4890,1039,32,43330,GMT+8
ticks,1499864603836000000,i1709,4890,4895,1073,4890,1041,2,43332,GMT+8
ticks,1499864604344000000,i1709,4895,4895,1072,4890,1042,4,43336,GMT+8
ticks,1499864604746000000,i1709,4895,4895,1072,4890,1053,0,43336,GMT+8
ticks,1499864605381000000,i1709,4890,4895,1073,4890,1051,4,43340,GMT+8
ticks,1499864605832000000,i1709,4890,4895,1073,4890,1045,22,43362,GMT+8
ticks,1499864606303000000,i1709,4890,4895,1072,4890,1048,0,43362,GMT+8
ticks,1499864606857000000,i1709,4890,4895,1070,4890,1051,4,43366,GMT+8
ticks,1499864607345000000,i1709,4890,4895,1071,4890,1044,2,43368,GMT+8
ticks,1499864607856000000,i1709,4890,4895,1042,4890,1043,22,43390,GMT+8
ticks,1499864608066000000,i1709,4890,4895,1042,4890,1001,2,43392,GMT+8
ticks,1499864608850000000,i1709,4895,4895,1059,4890,980,52,43444,GMT+8
ticks,1499864609363000000,i1709,4895,4895,1060,4890,977,0,43444,GMT+8
ticks,1499864610331000000,i1709,4895,4895,1060,4890,984,0,43444,GMT+8
ticks,1499864610840000000,i1709,4890,4895,1061,4890,982,4,43448,GMT+8
ticks,1499864611331000000,i1709,4890,4895,1046,4890,952,98,43546,GMT+8
ticks,1499864611861000000,i1709,4890,4895,1049,4890,949,10,43556,GMT+8
ticks,1499864612324000000,i1709,4890,4895,1049,4890,945,10,43566,GMT+8
ticks,1499864612862000000,i1709,4890,4895,1049,4890,942,6,43572,GMT+8
ticks,1499864613302000000,i1709,4890,4895,1028,4890,993,48,43620,GMT+8
ticks,1499864613806000000,i1709,4890,4895,1031,4890,992,2,43622,GMT+8
ticks,1499864614371000000,i1709,4890,4895,1031,4890,989,6,43628,GMT+8
ticks,1499864614878000000,i1709,4890,4895,1046,4890,979,20,43648,GMT+8
ticks,1499864615349000000,i1709,4890,4895,1049,4890,979,0,43648,GMT+8
ticks,1499864615862000000,i1709,4890,4895,1047,4890,966,18,43666,GMT+8
ticks,1499864616265000000,i1709,4890,4895,1044,4890,962,8,43674,GMT+8
ticks,1499864616837000000,i1709,4890,4895,1041,4890,956,12,43686,GMT+8
ticks,1499864617364000000,i1709,4890,4895,1041,4890,955,2,43688,GMT+8
ticks,1499864617800000000,i1709,4890,4895,1042,4890,949,12,43700,GMT+8
ticks,1499864618340000000,i1709,4890,4895,1042,4890,948,2,43702,GMT+8
ticks,1499864618883000000,i1709,4890,4895,1051,4890,948,12,43714,GMT+8
ticks,1499864619348000000,i1709,4890,4895,1051,4890,944,12,43726,GMT+8
ticks,1499864619845000000,i1709,4890,4895,1001,4890,943,104,43830,GMT+8
ticks,1499864620385000000,i1709,4890,4895,1004,4890,937,12,43842,GMT+8
ticks,1499864620878000000,i1709,4890,4895,1031,4890,932,20,43862,GMT+8
ticks,1499864621325000000,i1709,4890,4895,1030,4890,930,4,43866,GMT+8
ticks,1499864621878000000,i1709,4895,4895,1032,4890,926,8,43874,GMT+8
ticks,1499864622308000000,i1709,4895,4895,1034,4890,956,0,43874,GMT+8
ticks,1499864622882000000,i1709,4890,4895,1033,4890,955,4,43878,GMT+8
ticks,1499864623374000000,i1709,4890,4895,1048,4890,956,2,43880,GMT+8
ticks,1499864623832000000,i1709,4890,4895,1049,4890,956,0,43880,GMT+8
ticks,1499864624350000000,i1709,4890,4895,1048,4890,954,6,43886,GMT+8
ticks,1499864624835000000,i1709,4890,4895,1053,4890,955,10,43896,GMT+8
ticks,1499864625286000000,i1709,4890,4895,1055,4890,955,2,43898,GMT+8
ticks,1499864625823000000,i1709,4890,4895,1052,4890,939,72,43970,GMT+8
ticks,1499864626271000000,i1709,4890,4895,1052,4890,939,2,43972,GMT+8
ticks,1499864626883000000,i1709,4890,4895,1052,4890,947,4,43976,GMT+8
ticks,1499864627263000000,i1709,4890,4895,1052,4890,949,6,43982,GMT+8
ticks,1499864627807000000,i1709,4890,4895,1054,4890,944,0,43982,GMT+8
ticks,1499864628273000000,i1709,4890,4895,1055,4890,1044,0,43982,GMT+8
ticks,1499864628666000000,i1709,4890,4895,1057,4890,1043,4,43986,GMT+8
ticks,1499864629338000000,i1709,4890,4895,1040,4890,943,240,44226,GMT+8
ticks,1499864629861000000,i1709,4890,4895,1060,4890,944,4,44230,GMT+8
ticks,1499864630344000000,i1709,4890,4895,1065,4890,1093,20,44250,GMT+8
ticks,1499864630877000000,i1709,4890,4895,1066,4890,1097,6,44256,GMT+8
ticks,1499864631354000000,i1709,4890,4895,1066,4890,1085,24,44280,GMT+8
ticks,1499864631854000000,i1709,4890,4895,1065,4890,1065,0,44280,GMT+8
ticks,1499864632241000000,i1709,4895,4895,1063,4890,1085,6,44286,GMT+8
ticks,1499864632838000000,i1709,4895,4895,1052,4890,1080,32,44318,GMT+8
ticks,1499864633383000000,i1709,4890,4895,1053,4890,1079,2,44320,GMT+8
ticks,1499864633880000000,i1709,4890,4895,950,4890,1080,222,44542,GMT+8
ticks,1499864634358000000,i1709,4890,4895,945,4890,1079,12,44554,GMT+8
ticks,1499864634840000000,i1709,4890,4895,948,4890,1078,2,44556,GMT+8
ticks,1499864635373000000,i1709,4890,4895,948,4890,1084,2,44558,GMT+8
ticks,1499864635801000000,i1709,4890,4895,966,4890,1129,0,44558,GMT+8
ticks,1499864636314000000,i1709,4890,4895,957,4890,1130,0,44558,GMT+8
ticks,1499864636799000000,i1709,4890,4895,956,4890,1028,204,44762,GMT+8
ticks,1499864637358000000,i1709,4890,4895,960,4890,1030,2,44764,GMT+8
ticks,1499864637869000000,i1709,4890,4895,959,4890,1028,4,44768,GMT+8
ticks,1499864638282000000,i1709,4890,4895,959,4890,1034,2,44770,GMT+8
ticks,1499864638824000000,i1709,4895,4895,961,4890,1133,6,44776,GMT+8
ticks,1499864639377000000,i1709,4895,4895,959,4890,1135,2,44778,GMT+8
ticks,1499864639785000000,i1709,4890,4895,958,4890,1132,6,44784,GMT+8
ticks,1499864640358000000,i1709,4890,4895,956,4890,1139,4,44788,GMT+8
ticks,1499864640864000000,i1709,4890,4895,967,4890,1136,2,44790,GMT+8
ticks,1499864641292000000,i1709,4890,4895,967,4890,1143,0,44790,GMT+8
ticks,1499864641802000000,i1709,4890,4895,1278,4890,1142,2,44792,GMT+8
ticks,1499864642384000000,i1709,4895,4895,1278,4890,1136,2,44794,GMT+8
ticks,1499864642807000000,i1709,4895,4895,1278,4890,1137,10,44804,GMT+8
ticks,1499864643344000000,i1709,4890,4895,1279,4890,1138,4,44808,GMT+8
ticks,1499864643882000000,i1709,4890,4895,1264,4890,1094,0,44808,GMT+8
ticks,1499864644331000000,i1709,4890,4895,1265,4890,1093,0,44808,GMT+8
ticks,1499864645336000000,i1709,4895,4895,1265,4890,1093,22,44830,GMT+8
ticks,1499864645800000000,i1709,4895,4895,1329,4890,1098,8,44838,GMT+8
ticks,1499864646211000000,i1709,4895,4895,1328,4890,1098,2,44840,GMT+8
ticks,1499864646800000000,i1709,4890,4895,1338,4890,1097,8,44848,GMT+8
ticks,1499864647382000000,i1709,4890,4895,1373,4890,1082,46,44894,GMT+8
ticks,1499864647856000000,i1709,4895,4895,1353,4890,1075,34,44928,GMT+8
ticks,1499864648313000000,i1709,4890,4895,1354,4890,1062,30,44958,GMT+8
ticks,1499864648851000000,i1709,4890,4895,1354,4890,1059,8,44966,GMT+8
ticks,1499864649335000000,i1709,4890,4895,1353,4890,1062,8,44974,GMT+8
ticks,1499864649853000000,i1709,4890,4895,1362,4890,1061,2,44976,GMT+8
ticks,1499864650354000000,i1709,4895,4895,1347,4890,1087,32,45008,GMT+8
ticks,1499864650877000000,i1709,4895,4895,1366,4890,1087,6,45014,GMT+8
ticks,1499864651363000000,i1709,4895,4895,1368,4890,1092,0,45014,GMT+8
ticks,1499864651881000000,i1709,4895,4895,1369,4890,1094,0,45014,GMT+8
ticks,1499864652830000000,i1709,4890,4895,1361,4890,1091,24,45038,GMT+8
ticks,1499864653351000000,i1709,4890,4895,1390,4890,1088,6,45044,GMT+8
ticks,1499864653860000000,i1709,4890,4895,1392,4890,1101,8,45052,GMT+8
ticks,1499864654346000000,i1709,4890,4895,1388,4890,1108,0,45052,GMT+8
ticks,1499864654800000000,i1709,4890,4895,1415,4890,1086,44,45096,GMT+8
ticks,1499864655352000000,i1709,4890,4895,1417,4890,1085,8,45104,GMT+8
ticks,1499864655848000000,i1709,4890,4895,1417,4890,1087,0,45104,GMT+8
ticks,1499864656361000000,i1709,4890,4895,1418,4890,1086,2,45106,GMT+8
ticks,1499864656868000000,i1709,4890,4895,1419,4890,1087,0,45106,GMT+8
ticks,1499864657347000000,i1709,4895,4895,1418,4890,1087,10,45116,GMT+8
ticks,1499864657686000000,i1709,4890,4895,1418,4890,1086,4,45120,GMT+8
ticks,1499864658359000000,i1709,4890,4895,1418,4890,1085,2,45122,GMT+8
ticks,1499864658750000000,i1709,4890,4895,1416,4890,1084,4,45126,GMT+8
ticks,1499864659300000000,i1709,4890,4895,1415,4890,1257,0,45126,GMT+8
ticks,1499864659711000000,i1709,4895,4895,1424,4890,1257,2,45128,GMT+8
ticks,1499864660294000000,i1709,4895,4895,1416,4890,1259,16,45144,GMT+8
ticks,1499864660803000000,i1709,4895,4895,1417,4890,1270,0,45144,GMT+8
ticks,1499864661361000000,i1709,4890,4895,1416,4890,1276,4,45148,GMT+8
ticks,1499864661824000000,i1709,4890,4895,1424,4890,1195,162,45310,GMT+8
ticks,1499864662322000000,i1709,4895,4895,1423,4890,1194,4,45314,GMT+8
ticks,1499864662834000000,i1709,4895,4895,1424,4890,1195,0,45314,GMT+8
ticks,1499864663355000000,i1709,4895,4895,1431,4890,1195,8,45322,GMT+8
ticks,1499864663802000000,i1709,4890,4895,1431,4890,1194,2,45324,GMT+8
ticks,1499864664343000000,i1709,4890,4895,1432,4890,1192,4,45328,GMT+8
ticks,1499864664838000000,i1709,4890,4895,1433,4890,1092,200,45528,GMT+8
ticks,1499864665874000000,i1709,4890,4895,1433,4890,1091,2,45530,GMT+8
ticks,1499864666279000000,i1709,4890,4895,1431,4890,1090,2,45532,GMT+8
ticks,1499864666857000000,i1709,4890,4895,1427,4890,1040,112,45644,GMT+8
ticks,1499864667100000000,i1709,4890,4895,1427,4890,1041,0,45644,GMT+8
ticks,1499864667679000000,i1709,4890,4895,1427,4890,1037,0,45644,GMT+8
ticks,1499864668372000000,i1709,4895,4895,1428,4890,1037,4,45648,GMT+8
ticks,1499864668784000000,i1709,4890,4895,1428,4890,1011,52,45700,GMT+8
ticks,1499864669879000000,i1709,4890,4895,1428,4890,1010,4,45704,GMT+8
ticks,1499864670368000000,i1709,4890,4895,1425,4890,1006,54,45758,GMT+8
ticks,1499864670774000000,i1709,4890,4895,1426,4890,1009,2,45760,GMT+8
ticks,1499864671362000000,i1709,4895,4895,1423,4890,1010,6,45766,GMT+8
ticks,1499864671878000000,i1709,4890,4895,1424,4890,997,26,45792,GMT+8
ticks,1499864672372000000,i1709,4890,4895,1426,4890,996,2,45794,GMT+8
ticks,1499864672880000000,i1709,4890,4895,1423,4890,994,10,45804,GMT+8
ticks,1499864673233000000,i1709,4895,4895,1421,4890,993,8,45812,GMT+8
ticks,1499864673883000000,i1709,4890,4895,1453,4890,988,10,45822,GMT+8
ticks,1499864674301000000,i1709,4890,4895,1549,4890,516,752,46574,GMT+8
ticks,1499864674873000000,i1709,4895,4895,1545,4890,519,10,46584,GMT+8
ticks,1499864675351000000,i1709,4890,4895,1541,4890,489,74,46658,GMT+8
ticks,1499864675854000000,i1709,4890,4895,1543,4890,470,74,46732,GMT+8
ticks,1499864676352000000,i1709,4890,4895,1544,4890,447,48,46780,GMT+8
ticks,1499864676813000000,i1709,4890,4895,1544,4890,445,6,46786,GMT+8
ticks,1499864677251000000,i1709,4890,4895,1545,4890,445,2,46788,GMT+8
ticks,1499864677872000000,i1709,4890,4895,1547,4890,444,0,46788,GMT+8
ticks,1499864678247000000,i1709,4890,4895,1547,4890,442,4,46792,GMT+8
ticks,1499864678835000000,i1709,4895,4895,1544,4890,448,14,46806,GMT+8
ticks,1499864679384000000,i1709,4890,4895,1540,4890,441,2,46808,GMT+8
ticks,1499864679866000000,i1709,4890,4895,1539,4890,440,4,46812,GMT+8
ticks,1499864680366000000,i1709,4895,4895,1539,4890,570,14,46826,GMT+8
ticks,1499864680873000000,i1709,4890,4895,1539,4890,619,24,46850,GMT+8
ticks,1499864681352000000,i1709,4890,4895,1541,4890,626,2,46852,GMT+8
ticks,1499864681803000000,i1709,4890,4895,1541,4890,645,0,46852,GMT+8
ticks,1499864682260000000,i1709,4890,4895,1542,4890,636,28,46880,GMT+8
ticks,1499864682795000000,i1709,4890,4895,1547,4890,642,8,46888,GMT+8
ticks,1499864683156000000,i1709,4890,4895,1547,4890,640,12,46900,GMT+8
ticks,1499864683870000000,i1709,4895,4895,1545,4890,642,4,46904,GMT+8
ticks,1499864684369000000,i1709,4890,4895,1542,4890,648,10,46914,GMT+8
ticks,1499864684830000000,i1709,4890,4895,1542,4890,651,6,46920,GMT+8
ticks,1499864685304000000,i1709,4890,4895,1543,4890,653,2,46922,GMT+8
ticks,1499864685860000000,i1709,4890,4895,1544,4890,659,4,46926,GMT+8
ticks,1499864686256000000,i1709,4890,4895,1544,4890,655,8,46934,GMT+8
ticks,1499864686810000000,i1709,4890,4895,1554,4890,649,12,46946,GMT+8
ticks,1499864687248000000,i1709,4890,4895,1555,4890,644,6,46952,GMT+8
ticks,1499864687843000000,i1709,4890,4895,1547,4890,759,24,46976,GMT+8
ticks,1499864688267000000,i1709,4890,4895,1548,4890,861,0,46976,GMT+8
ticks,1499864688883000000,i1709,4895,4895,1542,4890,860,16,46992,GMT+8
ticks,1499864689332000000,i1709,4890,4895,1542,4890,861,2,46994,GMT+8
ticks,1499864689842000000,i1709,4890,4895,1539,4890,784,168,47162,GMT+8
ticks,1499864690255000000,i1709,4890,4895,1539,4890,883,2,47164,GMT+8
ticks,1499864691382000000,i1709,4890,4895,1549,4890,885,0,47164,GMT+8
ticks,1499864691852000000,i1709,4890,4895,1549,4890,881,8,47172,GMT+8
ticks,1499864692364000000,i1709,4890,4895,1550,4890,861,42,47214,GMT+8
ticks,1499864692873000000,i1709,4890,4895,1560,4890,862,0,47214,GMT+8
ticks,1499864693360000000,i1709,4895,4895,1558,4890,860,4,47218,GMT+8
ticks,1499864693855000000,i1709,4895,4895,1558,4890,862,2,47220,GMT+8
ticks,1499864694315000000,i1709,4890,4895,1558,4890,860,4,47224,GMT+8
ticks,1499864694829000000,i1709,4890,4895,1558,4890,856,0,47224,GMT+8
ticks,1499864695283000000,i1709,4890,4895,1558,4890,854,4,47228,GMT+8
ticks,1499864695811000000,i1709,4890,4895,1612,4890,849,0,47228,GMT+8
ticks,1499864696378000000,i1709,4890,4895,1611,4890,868,6,47234,GMT+8
ticks,1499864696801000000,i1709,4890,4895,1611,4890,861,14,47248,GMT+8
ticks,1499864697337000000,i1709,4890,4895,1631,4890,854,14,47262,GMT+8
ticks,1499864697812000000,i1709,4890,4895,1631,4890,856,0,47262,GMT+8
ticks,1499864698375000000,i1709,4890,4895,1631,4890,860,0,47262,GMT+8
ticks,1499864698817000000,i1709,4890,4895,1630,4890,859,4,47266,GMT+8
ticks,1499864699280000000,i1709,4890,4895,1630,4890,837,24,47290,GMT+8
ticks,1499864699866000000,i1709,4890,4895,1630,4890,838,0,47290,GMT+8
ticks,1499864700865000000,i1709,4890,4895,1630,4890,837,0,47290,GMT+8
ticks,1499864701225000000,i1709,4890,4895,1629,4890,837,0,47290,GMT+8
ticks,1499864701869000000,i1709,4890,4895,1631,4890,832,2,47292,GMT+8
ticks,1499864702362000000,i1709,4895,4895,1626,4890,832,16,47308,GMT+8
ticks,1499864702767000000,i1709,4890,4895,1625,4890,825,18,47326,GMT+8
ticks,1499864703347000000,i1709,4890,4895,1668,4890,825,0,47326,GMT+8
ticks,1499864703884000000,i1709,4895,4895,1666,4890,725,4,47330,GMT+8
ticks,1499864704255000000,i1709,4890,4895,1666,4890,687,2,47332,GMT+8
ticks,1499864704863000000,i1709,4890,4895,1672,4890,681,0,47332,GMT+8
ticks,1499864705261000000,i1709,4890,4895,1691,4890,672,16,47348,GMT+8
ticks,1499864705700000000,i1709,4890,4895,2184,4890,670,0,47348,GMT+8
ticks,1499864706305000000,i1709,4890,4895,2186,4890,669,2,47350,GMT+8
ticks,1499864706807000000,i1709,4890,4890,755,4885,1649,1332,48682,GMT+8
ticks,1499864707358000000,i1709,4890,4890,848,4885,1639,24,48706,GMT+8
ticks,1499864707868000000,i1709,4890,4890,1063,4885,1639,2,48708,GMT+8
ticks,1499864708370000000,i1709,4890,4890,1089,4885,1639,2,48710,GMT+8
ticks,1499864708714000000,i1709,4885,4890,1100,4885,1638,2,48712,GMT+8
ticks,1499864709338000000,i1709,4885,4890,1101,4885,1640,6,48718,GMT+8
ticks,1499864709836000000,i1709,4890,4890,557,4885,1641,92,48810,GMT+8
ticks,1499864710349000000,i1709,4890,4890,507,4885,1641,0,48810,GMT+8
ticks,1499864710785000000,i1709,4890,4890,526,4885,1641,0,48810,GMT+8
ticks,1499864711379000000,i1709,4890,4890,521,4885,1642,12,48822,GMT+8
ticks,1499864711814000000,i1709,4890,4890,521,4885,1642,2,48824,GMT+8
ticks,1499864712215000000,i1709,4885,4890,541,4885,1632,20,48844,GMT+8
ticks,1499864712881000000,i1709,4885,4890,588,4885,1632,0,48844,GMT+8
ticks,1499864713348000000,i1709,4890,4890,592,4885,1632,2,48846,GMT+8
ticks,1499864713849000000,i1709,4885,4890,596,4885,1630,4,48850,GMT+8
ticks,1499864714208000000,i1709,4885,4890,609,4885,1631,6,48856,GMT+8
ticks,1499864714885000000,i1709,4885,4890,612,4885,1631,0,48856,GMT+8
ticks,1499864715373000000,i1709,4885,4890,620,4885,1629,88,48944,GMT+8
ticks,1499864715815000000,i1709,4890,4890,619,4885,1629,6,48950,GMT+8
ticks,1499864716376000000,i1709,4885,4890,620,4885,1627,4,48954,GMT+8
ticks,1499864716851000000,i1709,4885,4890,621,4885,1625,6,48960,GMT+8
ticks,1499864717349000000,i1709,4890,4890,685,4885,1619,18,48978,GMT+8
ticks,1499864717866000000,i1709,4890,4890,691,4885,1619,0,48978,GMT+8
ticks,1499864718272000000,i1709,4890,4890,689,4885,1618,4,48982,GMT+8
ticks,1499864718874000000,i1709,4885,4890,690,4885,1612,12,48994,GMT+8
ticks,1499864719376000000,i1709,4890,4890,686,4885,1612,10,49004,GMT+8
ticks,1499864719813000000,i1709,4890,4890,684,4885,1612,4,49008,GMT+8
ticks,1499864720381000000,i1709,4890,4890,682,4885,1612,12,49020,GMT+8
ticks,1499864720729000000,i1709,4890,4890,682,4885,1612,2,49022,GMT+8
ticks,1499864721303000000,i1709,4890,4890,678,4885,1612,0,49022,GMT+8
ticks,1499864721886000000,i1709,4885,4890,679,4885,1609,4,49026,GMT+8
ticks,1499864722367000000,i1709,4885,4890,683,4885,1603,12,49038,GMT+8
ticks,1499864722795000000,i1709,4890,4890,686,4885,1604,6,49044,GMT+8
ticks,1499864723238000000,i1709,4885,4890,697,4885,1561,86,49130,GMT+8
ticks,1499864723876000000,i1709,4885,4890,766,4885,1561,0,49130,GMT+8
ticks,1499864724377000000,i1709,4885,4890,766,4885,1562,0,49130,GMT+8
ticks,1499864724859000000,i1709,4885,4890,809,4885,1561,2,49132,GMT+8
ticks,1499864725368000000,i1709,4890,4890,811,4885,1559,8,49140,GMT+8
ticks,1499864725876000000,i1709,4885,4890,1015,4885,1556,6,49146,GMT+8
ticks,1499864726344000000,i1709,4885,4890,1016,4885,1510,104,49250,GMT+8
ticks,1499864726867000000,i1709,4890,4890,946,4885,1508,14,49264,GMT+8
ticks,1499864727347000000,i1709,4885,4890,954,4885,828,1364,50628,GMT+8
ticks,1499864727863000000,i1709,4885,4890,962,4885,824,16,50644,GMT+8
ticks,1499864728293000000,i1709,4890,4890,994,4885,823,6,50650,GMT+8
ticks,1499864728711000000,i1709,4885,4890,1000,4885,830,2,50652,GMT+8
ticks,1499864729306000000,i1709,4890,4890,1103,4885,626,412,51064,GMT+8
ticks,1499864729844000000,i1709,4885,4890,1113,4885,611,28,51092,GMT+8
ticks,1499864730334000000,i1709,4890,4890,1112,4885,570,92,51184,GMT+8
ticks,1499864730836000000,i1709,4885,4890,1164,4885,409,320,51504,GMT+8
ticks,1499864731381000000,i1709,4885,4890,1173,4885,378,62,51566,GMT+8
ticks,1499864731885000000,i1709,4885,4890,1174,4885,372,16,51582,GMT+8
ticks,1499864732342000000,i1709,4885,4890,1169,4885,346,62,51644,GMT+8
ticks,1499864732846000000,i1709,4890,4890,1167,4885,403,6,51650,GMT+8
ticks,1499864733365000000,i1709,4885,4890,1170,4885,221,362,52012,GMT+8
ticks,1499864733868000000,i1709,4885,4890,1169,4885,704,22,52034,GMT+8
ticks,1499864734377000000,i1709,4885,4890,1171,4885,716,76,52110,GMT+8
ticks,1499864734882000000,i1709,4885,4890,1131,4885,967,40,52150,GMT+8
ticks,1499864735378000000,i1709,4885,4890,1132,4885,963,10,52160,GMT+8
ticks,1499864735855000000,i1709,4885,4890,1136,4885,966,14,52174,GMT+8
ticks,1499864736345000000,i1709,4885,4890,1140,4885,992,8,52182,GMT+8
ticks,1499864736863000000,i1709,4885,4890,1140,4885,984,10,52192,GMT+8
ticks,1499864737316000000,i1709,4885,4890,1143,4885,949,82,52274,GMT+8
ticks,1499864737811000000,i1709,4885,4890,1142,4885,940,20,52294,GMT+8
ticks,1499864738361000000,i1709,4885,4890,1146,4885,938,18,52312,GMT+8
ticks,1499864738858000000,i1709,4885,4890,1146,4885,938,4,52316,GMT+8
ticks,1499864739269000000,i1709,4890,4890,1138,4885,937,22,52338,GMT+8
ticks,1499864739844000000,i1709,4885,4890,1143,4885,950,40,52378,GMT+8
ticks,1499864740341000000,i1709,4890,4890,1143,4885,963,8,52386,GMT+8
ticks,1499864740762000000,i1709,4885,4890,1147,4885,902,122,52508,GMT+8
ticks,1499864741063000000,i1709,4885,4890,1148,4885,906,2,52510,GMT+8
ticks,1499864741546000000,i1709,4885,4890,1149,4885,906,0,52510,GMT+8
ticks,1499864742331000000,i1709,4885,4890,1169,4885,906,2,52512,GMT+8
ticks,1499864742799000000,i1709,4885,4890,1169,4885,908,2,52514,GMT+8
ticks,1499864743326000000,i1709,4885,4890,1041,4885,861,440,52954,GMT+8
ticks,1499864743841000000,i1709,4885,4890,1045,4885,860,2,52956,GMT+8
ticks,1499864744369000000,i1709,4890,4890,1030,4885,857,16,52972,GMT+8
ticks,1499864744861000000,i1709,4885,4890,981,4885,856,2,52974,GMT+8
ticks,1499864745375000000,i1709,4885,4890,1084,4885,850,14,52988,GMT+8
ticks,1499864745835000000,i1709,4885,4890,1087,4885,852,2,52990,GMT+8
ticks,1499864746377000000,i1709,4890,4890,1060,4885,862,60,53050,GMT+8
ticks,1499864746867000000,i1709,4885,4890,1060,4885,860,4,53054,GMT+8
ticks,1499864747342000000,i1709,4885,4890,1173,4885,848,26,53080,GMT+8
ticks,1499864747748000000,i1709,4890,4890,1170,4885,844,16,53096,GMT+8
ticks,1499864748361000000,i1709,4885,4890,1173,4885,784,80,53176,GMT+8
ticks,1499864748816000000,i1709,4885,4890,1159,4885,800,52,53228,GMT+8
ticks,1499864749339000000,i1709,4890,4890,1145,4885,799,36,53264,GMT+8
ticks,1499864749841000000,i1709,4885,4890,1147,4885,799,14,53278,GMT+8
ticks,1499864750383000000,i1709,4885,4890,1150,4885,799,4,53282,GMT+8
ticks,1499864750796000000,i1709,4885,4890,1145,4885,800,12,53294,GMT+8
ticks,1499864751353000000,i1709,4890,4890,1163,4885,816,2,53296,GMT+8
ticks,1499864751808000000,i1709,4885,4890,1162,4885,815,4,53300,GMT+8
ticks,1499864752373000000,i1709,4885,4890,1175,4885,792,46,53346,GMT+8
ticks,1499864752828000000,i1709,4885,4890,1178,4885,788,8,53354,GMT+8
ticks,1499864753356000000,i1709,4885,4890,1180,4885,571,402,53756,GMT+8
ticks,1499864753881000000,i1709,4885,4890,1180,4885,572,2,53758,GMT+8
ticks,1499864754368000000,i1709,4885,4890,1174,4885,565,28,53786,GMT+8
ticks,1499864754862000000,i1709,4890,4890,1172,4885,567,8,53794,GMT+8
ticks,1499864755353000000,i1709,4885,4890,1178,4885,586,4,53798,GMT+8
ticks,1499864755838000000,i1709,4885,4890,1177,4885,587,6,53804,GMT+8
ticks,1499864756328000000,i1709,4885,4890,1175,4885,710,2,53806,GMT+8
ticks,1499864756855000000,i1709,4885,4890,1175,4885,728,10,53816,GMT+8
ticks,1499864757386000000,i1709,4885,4890,1077,4885,931,10,53826,GMT+8
ticks,1499864757881000000,i1709,4885,4890,1079,4885,925,6,53832,GMT+8
ticks,1499864758349000000,i1709,4885,4890,1080,4885,828,206,54038,GMT+8
ticks,1499864758864000000,i1709,4890,4890,1170,4885,22,1744,55782,GMT+8
ticks,1499864759367000000,i1709,4885,4890,1170,4885,61,386,56168,GMT+8
ticks,1499864759858000000,i1709,4885,4890,1193,4885,128,2,56170,GMT+8
ticks,1499864760375000000,i1709,4890,4890,1197,4885,176,24,56194,GMT+8
ticks,1499864760872000000,i1709,4885,4890,1197,4885,382,2,56196,GMT+8
ticks,1499864761370000000,i1709,4885,4890,1217,4885,480,6,56202,GMT+8
ticks,1499864761823000000,i1709,4885,4890,1215,4885,477,14,56216,GMT+8
ticks,1499864762332000000,i1709,4890,4890,1213,4885,485,8,56224,GMT+8
ticks,1499864762872000000,i1709,4885,4890,1214,4885,530,2,56226,GMT+8
ticks,1499864763358000000,i1709,4885,4890,1196,4885,568,2,56228,GMT+8
ticks,1499864763833000000,i1709,4885,4890,1196,4885,452,268,56496,GMT+8
ticks,1499864764247000000,i1709,4885,4890,1197,4885,455,2,56498,GMT+8
ticks,1499864764863000000,i1709,4885,4890,1196,4885,491,0,56498,GMT+8
ticks,1499864765347000000,i1709,4885,4890,1219,4885,496,4,56502,GMT+8
ticks,1499864765871000000,i1709,4885,4890,1219,4885,544,0,56502,GMT+8
ticks,1499864766330000000,i1709,4885,4890,1219,4885,582,0,56502,GMT+8
ticks,1499864766849000000,i1709,4885,4890,1219,4885,589,4,56506,GMT+8
ticks,1499864767283000000,i1709,4885,4890,1223,4885,635,8,56514,GMT+8
ticks,1499864767850000000,i1709,4885,4890,1223,4885,538,202,56716,GMT+8
ticks,1499864768351000000,i1709,4890,4890,1223,4885,540,2,56718,GMT+8
ticks,1499864768870000000,i1709,4890,4890,1224,4885,529,0,56718,GMT+8
ticks,1499864769386000000,i1709,4885,4890,1283,4885,535,10,56728,GMT+8
ticks,1499864769828000000,i1709,4885,4890,1284,4885,534,6,56734,GMT+8
ticks,1499864770367000000,i1709,4885,4890,1283,4885,487,4,56738,GMT+8
ticks,1499864770874000000,i1709,4885,4890,1285,4885,500,22,56760,GMT+8
ticks,1499864771376000000,i1709,4885,4890,1287,4885,512,2,56762,GMT+8
ticks,1499864771819000000,i1709,4885,4890,1291,4885,499,30,56792,GMT+8
ticks,1499864772344000000,i1709,4885,4890,1289,4885,492,14,56806,GMT+8
ticks,1499864772884000000,i1709,4885,4890,1289,4885,497,2,56808,GMT+8
ticks,1499864773379000000,i1709,4885,4890,1289,4885,447,4,56812,GMT+8
ticks,1499864773840000000,i1709,4885,4890,1292,4885,448,2,56814,GMT+8
ticks,1499864774325000000,i1709,4885,4890,1291,4885,447,4,56818,GMT+8
ticks,1499864774828000000,i1709,4885,4890,1289,4885,446,6,56824,GMT+8
ticks,1499864775328000000,i1709,4885,4890,1287,4885,469,4,56828,GMT+8
ticks,1499864775800000000,i1709,4885,4890,1155,4885,468,66,56894,GMT+8
ticks,1499864776374000000,i1709,4885,4890,1132,4885,459,50,56944,GMT+8
ticks,1499864776869000000,i1709,4890,4895,1478,4890,285,2282,59226,GMT+8
ticks,1499864777383000000,i1709,4890,4895,1476,4890,298,6,59232,GMT+8
ticks,1499864777850000000,i1709,4890,4895,1476,4890,383,12,59244,GMT+8
ticks,1499864778305000000,i1709,4890,4895,1490,4890,373,20,59264,GMT+8
ticks,1499864778778000000,i1709,4890,4895,1490,4890,411,2,59266,GMT+8
ticks,1499864779359000000,i1709,4890,4895,1485,4890,426,0,59266,GMT+8
ticks,1499864779743000000,i1709,4895,4895,1480,4890,427,10,59276,GMT+8
ticks,1499864780368000000,i1709,4895,4895,1480,4890,427,10,59286,GMT+8
ticks,1499864780872000000,i1709,4890,4895,1480,4890,377,100,59386,GMT+8
ticks,1499864781378000000,i1709,4890,4895,1480,4890,351,2,59388,GMT+8
ticks,1499864781872000000,i1709,4890,4895,1480,4890,346,10,59398,GMT+8
ticks,1499864782367000000,i1709,4890,4895,1480,4890,377,4,59402,GMT+8
ticks,1499864782862000000,i1709,4890,4895,1480,4890,335,102,59504,GMT+8
ticks,1499864783326000000,i1709,4895,4895,1480,4890,336,4,59508,GMT+8
ticks,1499864783871000000,i1709,4890,4895,1480,4890,342,2,59510,GMT+8
ticks,1499864784274000000,i1709,4890,4895,1478,4890,351,0,59510,GMT+8
ticks,1499864785331000000,i1709,4895,4895,1469,4890,352,20,59530,GMT+8
ticks,1499864786349000000,i1709,4890,4895,1370,4890,352,240,59770,GMT+8
ticks,1499864786853000000,i1709,4895,4895,1345,4890,358,28,59798,GMT+8
ticks,1499864787307000000,i1709,4890,4895,1324,4890,339,48,59846,GMT+8
ticks,1499864787710000000,i1709,4890,4895,1326,4890,356,0,59846,GMT+8
ticks,1499864788364000000,i1709,4895,4895,1351,4890,363,30,59876,GMT+8
ticks,1499864788853000000,i1709,4890,4895,1351,4890,365,2,59878,GMT+8
ticks,1499864789217000000,i1709,4895,4895,1333,4890,366,36,59914,GMT+8
ticks,1499864789853000000,i1709,4895,4895,1332,4890,366,4,59918,GMT+8
ticks,1499864790369000000,i1709,4890,4895,1433,4890,366,2,59920,GMT+8
ticks,1499864790876000000,i1709,4895,4895,1429,4890,406,14,59934,GMT+8
ticks,1499864791348000000,i1709,4890,4895,1417,4890,415,34,59968,GMT+8
ticks,1499864791859000000,i1709,4895,4895,1417,4890,414,8,59976,GMT+8
ticks,1499864792381000000,i1709,4890,4895,1403,4890,405,54,60030,GMT+8
ticks,1499864792862000000,i1709,4890,4895,1398,4890,405,4,60034,GMT+8
ticks,1499864793364000000,i1709,4890,4895,1398,4890,416,0,60034,GMT+8
ticks,1499864793868000000,i1709,4890,4895,1398,4890,422,4,60038,GMT+8
ticks,1499864794229000000,i1709,4895,4895,1396,4890,425,4,60042,GMT+8
ticks,1499864794869000000,i1709,4895,4895,1332,4890,426,130,60172,GMT+8
ticks,1499864795376000000,i1709,4895,4895,1332,4890,542,2,60174,GMT+8
ticks,1499864795871000000,i1709,4895,4895,1338,4890,548,0,60174,GMT+8
ticks,1499864796375000000,i1709,4895,4895,1336,4890,543,0,60174,GMT+8
ticks,1499864796829000000,i1709,4895,4895,1334,4890,653,8,60182,GMT+8
ticks,1499864797371000000,i1709,4895,4895,1332,4890,656,4,60186,GMT+8
ticks,1499864797858000000,i1709,4895,4895,1766,4890,656,0,60186,GMT+8
ticks,1499864798207000000,i1709,4895,4895,1758,4890,917,18,60204,GMT+8
ticks,1499864798879000000,i1709,4895,4895,1764,4890,920,8,60212,GMT+8
ticks,1499864799341000000,i1709,4895,4895,1757,4890,925,4,60216,GMT+8
ticks,1499864799858000000,i1709,4890,4895,1756,4890,926,2,60218,GMT+8
ticks,1499864800037000000,i1709,4890,4895,1772,4890,927,0,60218,GMT+8
ticks,1499864800883000000,i1709,4890,4895,1768,4890,930,0,60218,GMT+8
ticks,1499864801345000000,i1709,4895,4895,1762,4890,926,40,60258,GMT+8
ticks,1499864801807000000,i1709,4895,4895,1746,4890,946,22,60280,GMT+8
ticks,1499864802368000000,i1709,4895,4895,1735,4890,962,2,60282,GMT+8
ticks,1499864802862000000,i1709,4895,4895,1719,4890,973,32,60314,GMT+8
ticks,1499864803359000000,i1709,4895,4895,1718,4890,972,4,60318,GMT+8
ticks,1499864803816000000,i1709,4895,4895,1736,4890,1008,44,60362,GMT+8
ticks,1499864804384000000,i1709,4895,4895,1734,4890,951,2,60364,GMT+8
ticks,1499864804847000000,i1709,4895,4895,1723,4890,958,8,60372,GMT+8
ticks,1499864805372000000,i1709,4895,4895,1704,4890,958,30,60402,GMT+8
ticks,1499864805791000000,i1709,4895,4895,1688,4890,969,32,60434,GMT+8
ticks,1499864806371000000,i1709,4895,4895,1670,4890,970,36,60470,GMT+8
ticks,1499864806808000000,i1709,4890,4895,1671,4890,970,2,60472,GMT+8
ticks,1499864807373000000,i1709,4895,4895,1670,4890,973,4,60476,GMT+8
ticks,1499864807794000000,i1709,4895,4895,1669,4890,972,6,60482,GMT+8
ticks,1499864808870000000,i1709,4895,4895,1666,4890,972,0,60482,GMT+8
ticks,1499864809308000000,i1709,4890,4895,1666,4890,973,2,60484,GMT+8
ticks,1499864809868000000,i1709,4890,4895,1665,4890,976,16,60500,GMT+8
ticks,1499864810317000000,i1709,4890,4895,1663,4890,970,22,60522,GMT+8
ticks,1499864810872000000,i1709,4890,4895,1656,4890,1191,0,60522,GMT+8
ticks,1499864811360000000,i1709,4895,4895,1678,4890,1193,2,60524,GMT+8
ticks,1499864811849000000,i1709,4895,4895,1678,4890,1194,2,60526,GMT+8
ticks,1499864812383000000,i1709,4890,4895,1677,4890,1201,6,60532,GMT+8
ticks,1499864812875000000,i1709,4895,4895,1675,4890,1202,14,60546,GMT+8
ticks,1499864813355000000,i1709,4895,4895,1665,4890,1208,20,60566,GMT+8
ticks,1499864813837000000,i1709,4890,4895,1664,4890,1205,6,60572,GMT+8
ticks,1499864814383000000,i1709,4890,4895,1664,4890,1208,6,60578,GMT+8
ticks,1499864814809000000,i1709,4890,4895,1661,4890,869,686,61264,GMT+8
ticks,1499864815371000000,i1709,4895,4895,1665,4890,843,90,61354,GMT+8
ticks,1499864815835000000,i1709,4895,4895,1620,4890,1043,82,61436,GMT+8
ticks,1499864816367000000,i1709,4895,4895,1590,4890,1074,18,61454,GMT+8
ticks,1499864816801000000,i1709,4895,4895,1592,4890,1076,2,61456,GMT+8
ticks,1499864817254000000,i1709,4895,4895,1590,4890,1074,2,61458,GMT+8
ticks,1499864817802000000,i1709,4895,4895,1588,4890,1075,2,61460,GMT+8
ticks,1499864818374000000,i1709,4895,4895,1570,4890,1084,36,61496,GMT+8
ticks,1499864818783000000,i1709,4895,4895,1570,4890,1086,0,61496,GMT+8
ticks,1499864819365000000,i1709,4890,4895,1568,4890,1085,6,61502,GMT+8
ticks,1499864819850000000,i1709,4890,4895,1565,4890,1086,4,61506,GMT+8
ticks,1499864820365000000,i1709,4890,4895,1568,4890,1085,4,61510,GMT+8
ticks,1499864820885000000,i1709,4895,4895,1531,4890,1171,2,61512,GMT+8
ticks,1499864821304000000,i1709,4890,4895,1527,4890,672,1004,62516,GMT+8
ticks,1499864821864000000,i1709,4895,4895,1545,4890,643,68,62584,GMT+8
ticks,1499864822357000000,i1709,4890,4895,1595,4890,653,2,62586,GMT+8
ticks,1499864822852000000,i1709,4890,4895,1592,4890,717,10,62596,GMT+8
ticks,1499864823810000000,i1709,4890,4895,1590,4890,719,0,62596,GMT+8
ticks,1499864824345000000,i1709,4890,4895,1587,4890,719,4,62600,GMT+8
ticks,1499864824879000000,i1709,4890,4895,1582,4890,721,0,62600,GMT+8
ticks,1499864825369000000,i1709,4890,4895,1579,4890,727,0,62600,GMT+8
ticks,1499864825887000000,i1709,4895,4895,1581,4890,728,4,62604,GMT+8
ticks,1499864826288000000,i1709,4895,4895,1574,4890,728,20,62624,GMT+8
ticks,1499864826852000000,i1709,4895,4895,1573,4890,724,16,62640,GMT+8
ticks,1499864827365000000,i1709,4895,4895,1573,4890,725,0,62640,GMT+8
ticks,1499864827881000000,i1709,4895,4895,1095,4890,875,0,62640,GMT+8
ticks,1499864828367000000,i1709,4895,4895,1091,4890,658,46,62686,GMT+8
ticks,1499864828877000000,i1709,4895,4895,1090,4890,658,0,62686,GMT+8
ticks,1499864829298000000,i1709,4895,4895,1090,4890,660,0,62686,GMT+8
ticks,1499864829885000000,i1709,4890,4895,1073,4890,664,36,62722,GMT+8
ticks,1499864830096000000,i1709,4890,4895,1073,4890,672,4,62726,GMT+8
ticks,1499864830860000000,i1709,4895,4895,971,4890,675,240,62966,GMT+8
ticks,1499864831306000000,i1709,4895,4895,856,4890,694,228,63194,GMT+8
ticks,1499864831873000000,i1709,4895,4895,852,4890,697,8,63202,GMT+8
ticks,1499864832365000000,i1709,4895,4895,663,4890,712,12,63214,GMT+8
ticks,1499864832880000000,i1709,4895,4895,590,4890,755,12,63226,GMT+8
ticks,1499864833354000000,i1709,4895,4895,584,4890,771,18,63244,GMT+8
ticks,1499864833884000000,i1709,4890,4895,566,4890,766,54,63298,GMT+8
ticks,1499864834372000000,i1709,4895,4895,577,4890,794,8,63306,GMT+8
ticks,1499864834799000000,i1709,4895,4895,564,4890,795,30,63336,GMT+8
ticks,1499864835295000000,i1709,4895,4895,560,4890,793,14,63350,GMT+8
ticks,1499864835859000000,i1709,4895,4895,593,4890,910,8,63358,GMT+8
ticks,1499864836365000000,i1709,4895,4895,592,4890,921,6,63364,GMT+8
ticks,1499864836872000000,i1709,4895,4895,587,4890,923,10,63374,GMT+8
ticks,1499864837323000000,i1709,4895,4895,679,4890,924,10,63384,GMT+8
ticks,1499864837866000000,i1709,4895,4895,695,4890,928,4,63388,GMT+8
ticks,1499864838387000000,i1709,4890,4895,734,4890,942,2,63390,GMT+8
ticks,1499864838869000000,i1709,4890,4895,735,4890,924,2,63392,GMT+8
ticks,1499864839358000000,i1709,4895,4895,731,4890,932,10,63402,GMT+8
ticks,1499864839831000000,i1709,4895,4895,709,4890,933,46,63448,GMT+8
ticks,1499864840370000000,i1709,4895,4895,858,4890,936,2,63450,GMT+8
ticks,1499864840881000000,i1709,4895,4895,974,4890,935,8,63458,GMT+8
ticks,1499864841357000000,i1709,4895,4895,968,4890,949,2,63460,GMT+8
ticks,1499864841825000000,i1709,4895,4895,966,4890,953,6,63466,GMT+8
ticks,1499864842338000000,i1709,4895,4895,898,4890,954,182,63648,GMT+8
ticks,1499864842853000000,i1709,4895,4895,895,4890,960,4,63652,GMT+8
ticks,1499864843335000000,i1709,4890,4895,892,4890,968,12,63664,GMT+8
ticks,1499864843837000000,i1709,4895,4895,890,4890,969,4,63668,GMT+8
ticks,1499864844382000000,i1709,4895,4895,889,4890,971,2,63670,GMT+8
ticks,1499864844840000000,i1709,4895,4895,908,4890,981,2,63672,GMT+8
ticks,1499864845366000000,i1709,4895,4895,901,4890,983,18,63690,GMT+8
ticks,1499864845867000000,i1709,4895,4895,900,4890,983,14,63704,GMT+8
ticks,1499864846263000000,i1709,4890,4895,901,4890,982,4,63708,GMT+8
ticks,1499864846799000000,i1709,4895,4895,889,4890,986,26,63734,GMT+8
ticks,1499864847348000000,i1709,4895,4895,882,4890,987,14,63748,GMT+8
ticks,1499864847825000000,i1709,4895,4895,882,4890,990,0,63748,GMT+8
ticks,1499864848382000000,i1709,4895,4895,881,4890,1001,4,63752,GMT+8
ticks,1499864848880000000,i1709,4890,4895,884,4890,1002,4,63756,GMT+8
ticks,1499864849353000000,i1709,4895,4895,880,4890,1001,2,63758,GMT+8
ticks,1499864849802000000,i1709,4895,4895,881,4890,1001,0,63758,GMT+8
ticks,1499864850304000000,i1709,4890,4895,881,4890,1005,4,63762,GMT+8
ticks,1499864850800000000,i1709,4895,4895,873,4890,1046,24,63786,GMT+8
ticks,1499864851383000000,i1709,4895,4895,873,4890,1046,2,63788,GMT+8
ticks,1499864851868000000,i1709,4895,4895,921,4890,1046,6,63794,GMT+8
ticks,1499864852301000000,i1709,4895,4895,917,4890,1048,12,63806,GMT+8
ticks,1499864852664000000,i1709,4895,4895,867,4890,1050,100,63906,GMT+8
ticks,1499864853301000000,i1709,4895,4895,867,4890,1048,0,63906,GMT+8
ticks,1499864853866000000,i1709,4895,4895,860,4890,991,14,63920,GMT+8
ticks,1499864854373000000,i1709,4895,4895,857,4890,988,10,63930,GMT+8
ticks,1499864854865000000,i1709,4895,4895,926,4890,989,2,63932,GMT+8
ticks,1499864855380000000,i1709,4895,4895,931,4890,990,0,63932,GMT+8
ticks,1499864855875000000,i1709,4890,4895,933,4890,989,2,63934,GMT+8
ticks,1499864856306000000,i1709,4895,4895,897,4890,1286,80,64014,GMT+8
ticks,1499864856848000000,i1709,4895,4895,1094,4890,1296,24,64038,GMT+8
ticks,1499864857214000000,i1709,4895,4895,1095,4890,1296,2,64040,GMT+8
ticks,1499864857818000000,i1709,4895,4895,1089,4890,1296,22,64062,GMT+8
ticks,1499864858340000000,i1709,4895,4895,1077,4890,1299,24,64086,GMT+8
ticks,1499864858866000000,i1709,4890,4895,1075,4890,1298,6,64092,GMT+8
ticks,1499864859324000000,i1709,4890,4895,1075,4890,1299,0,64092,GMT+8
ticks,1499864859843000000,i1709,4895,4895,1072,4890,1301,2,64094,GMT+8
ticks,1499864860387000000,i1709,4895,4895,1071,4890,1300,2,64096,GMT+8
ticks,1499864860874000000,i1709,4890,4895,1057,4890,1299,32,64128,GMT+8
ticks,1499864861380000000,i1709,4895,4895,955,4890,1190,204,64332,GMT+8
ticks,1499864861761000000,i1709,4895,4895,885,4890,1200,0,64332,GMT+8
ticks,1499864862329000000,i1709,4895,4895,865,4890,1148,148,64480,GMT+8
ticks,1499864862830000000,i1709,4890,4895,862,4890,1139,14,64494,GMT+8
ticks,1499864863325000000,i1709,4895,4895,842,4890,1039,240,64734,GMT+8
ticks,1499864863856000000,i1709,4895,4895,970,4890,1031,24,64758,GMT+8
ticks,1499864864371000000,i1709,4890,4895,976,4890,998,102,64860,GMT+8
ticks,1499864864853000000,i1709,4890,4895,971,4890,904,198,65058,GMT+8
ticks,1499864865223000000,i1709,4890,4895,970,4890,907,4,65062,GMT+8
ticks,1499864865845000000,i1709,4895,4895,978,4890,861,14,65076,GMT+8
ticks,1499864866301000000,i1709,4890,4895,977,4890,860,4,65080,GMT+8
ticks,1499864866884000000,i1709,4895,4895,976,4890,865,2,65082,GMT+8
ticks,1499864867378000000,i1709,4895,4895,979,4890,866,4,65086,GMT+8
ticks,1499864867788000000,i1709,4895,4895,978,4890,873,2,65088,GMT+8
ticks,1499864868361000000,i1709,4895,4895,962,4890,880,32,65120,GMT+8
ticks,1499864868867000000,i1709,4890,4895,1117,4890,845,78,65198,GMT+8
ticks,1499864869354000000,i1709,4890,4895,1118,4890,814,82,65280,GMT+8
ticks,1499864869769000000,i1709,4890,4895,1129,4890,783,72,65352,GMT+8
ticks,1499864870259000000,i1709,4895,4895,1129,4890,775,30,65382,GMT+8
ticks,1499864870859000000,i1709,4895,4895,1126,4890,777,6,65388,GMT+8
ticks,1499864871367000000,i1709,4890,4895,1127,4890,731,96,65484,GMT+8
ticks,1499864871883000000,i1709,4890,4895,1227,4890,685,72,65556,GMT+8
ticks,1499864872289000000,i1709,4890,4895,1237,4890,643,78,65634,GMT+8
ticks,1499864872865000000,i1709,4895,4895,1227,4890,663,20,65654,GMT+8
ticks,1499864873329000000,i1709,4890,4895,1227,4890,662,2,65656,GMT+8
ticks,1499864873751000000,i1709,4890,4895,1224,4890,656,18,65674,GMT+8
ticks,1499864874180000000,i1709,4890,4895,1224,4890,653,6,65680,GMT+8
ticks,1499864874877000000,i1709,4895,4895,1226,4890,663,4,65684,GMT+8
ticks,1499864875310000000,i1709,4890,4895,1225,4890,661,4,65688,GMT+8
ticks,1499864875887000000,i1709,4895,4895,1224,4890,712,4,65692,GMT+8
ticks,1499864876377000000,i1709,4895,4895,1225,4890,712,0,65692,GMT+8
ticks,1499864876711000000,i1709,4895,4895,1227,4890,713,0,65692,GMT+8
ticks,1499864877372000000,i1709,4890,4895,1229,4890,712,2,65694,GMT+8
ticks,1499864877549000000,i1709,4895,4895,1228,4890,712,2,65696,GMT+8
ticks,1499864878341000000,i1709,4890,4895,1229,4890,706,14,65710,GMT+8
ticks,1499864878854000000,i1709,4895,4895,1226,4890,597,226,65936,GMT+8
ticks,1499864879059000000,i1709,4890,4895,1226,4890,597,2,65938,GMT+8
ticks,1499864879772000000,i1709,4895,4895,1209,4890,598,36,65974,GMT+8
ticks,1499864880354000000,i1709,4890,4890,86,4885,1871,1198,67172,GMT+8
ticks,1499864880740000000,i1709,4890,4890,96,4885,1875,2,67174,GMT+8
ticks,1499864881301000000,i1709,4890,4890,214,4885,1875,2,67176,GMT+8
ticks,1499864882303000000,i1709,4890,4895,1345,4890,298,432,67608,GMT+8
ticks,1499864882885000000,i1709,4890,4895,1216,4890,327,0,67608,GMT+8
ticks,1499864883369000000,i1709,4890,4895,1216,4890,327,2,67610,GMT+8
ticks,1499864883840000000,i1709,4890,4895,1215,4890,325,6,67616,GMT+8
ticks,1499864884301000000,i1709,4895,4895,1173,4890,315,76,67692,GMT+8
ticks,1499864884815000000,i1709,4895,4895,1173,4890,316,0,67692,GMT+8
ticks,1499864885310000000,i1709,4895,4895,1173,4890,317,0,67692,GMT+8
ticks,1499864885816000000,i1709,4895,4895,1173,4890,323,0,67692,GMT+8
ticks,1499864886347000000,i1709,4895,4895,1379,4890,246,4,67696,GMT+8
ticks,1499864886822000000,i1709,4890,4895,1379,4890,298,12,67708,GMT+8
ticks,1499864887301000000,i1709,4890,4895,1381,4890,392,4,67712,GMT+8
ticks,1499864887862000000,i1709,4890,4895,1382,4890,390,8,67720,GMT+8
ticks,1499864888300000000,i1709,4895,4895,1381,4890,390,4,67724,GMT+8
ticks,1499864888875000000,i1709,4890,4895,1522,4890,370,2,67726,GMT+8
ticks,1499864889276000000,i1709,4890,4895,1520,4890,369,2,67728,GMT+8
ticks,1499864889740000000,i1709,4895,4895,1518,4890,378,4,67732,GMT+8
ticks,1499864890350000000,i1709,4890,4895,1498,4890,398,2,67734,GMT+8
ticks,1499864890708000000,i1709,4890,4895,1519,4890,379,0,67734,GMT+8
ticks,1499864891386000000,i1709,4890,4895,1520,4890,280,6,67740,GMT+8
ticks,1499864891814000000,i1709,4890,4895,1521,4890,280,0,67740,GMT+8
ticks,1499864892352000000,i1709,4890,4895,1522,4890,200,202,67942,GMT+8
ticks,1499864892852000000,i1709,4895,4895,1521,4890,200,4,67946,GMT+8
ticks,1499864893374000000,i1709,4890,4895,1522,4890,205,10,67956,GMT+8
ticks,1499864893836000000,i1709,4890,4895,1521,4890,207,2,67958,GMT+8
ticks,1499864894301000000,i1709,4890,4895,1522,4890,219,0,67958,GMT+8
ticks,1499864894865000000,i1709,4895,4895,1521,4890,220,2,67960,GMT+8
ticks,1499864895275000000,i1709,4895,4895,1512,4890,221,0,67960,GMT+8
ticks,1499864895868000000,i1709,4890,4895,1512,4890,214,22,67982,GMT+8
ticks,1499864896331000000,i1709,4890,4895,1511,4890,128,174,68156,GMT+8
ticks,1499864896846000000,i1709,4890,4895,1516,4890,108,42,68198,GMT+8
ticks,1499864897382000000,i1709,4890,4895,1515,4890,104,10,68208,GMT+8
ticks,1499864897556000000,i1709,4890,4895,1515,4890,84,40,68248,GMT+8
ticks,1499864898336000000,i1709,4890,4895,1515,4890,58,22,68270,GMT+8
ticks,1499864898884000000,i1709,4890,4895,1516,4890,37,64,68334,GMT+8
ticks,1499864899300000000,i1709,4890,4895,1497,4890,67,18,68352,GMT+8
ticks,1499864899550000000,i1709,4890,4895,1516,4890,67,0,68352,GMT+8
ticks,1499864900361000000,i1709,4890,4895,1540,4890,70,8,68360,GMT+8
ticks,1499864900800000000,i1709,4890,4890,15,4885,1280,140,68500,GMT+8
ticks,1499864901362000000,i1709,4890,4890,20,4885,1330,2,68502,GMT+8
ticks,1499864901883000000,i1709,4890,4890,32,4885,1330,18,68520,GMT+8
ticks,1499864902312000000,i1709,4890,4890,15,4885,1328,52,68572,GMT+8
ticks,1499864902777000000,i1709,4890,4890,45,4885,1327,0,68572,GMT+8
ticks,1499864903251000000,i1709,4890,4890,45,4885,1328,2,68574,GMT+8
ticks,1499864903887000000,i1709,4890,4895,1719,4890,155,92,68666,GMT+8
ticks,1499864904380000000,i1709,4890,4890,269,4885,1328,320,68986,GMT+8
ticks,1499864904875000000,i1709,4890,4890,272,4885,1328,2,68988,GMT+8
ticks,1499864905373000000,i1709,4890,4890,291,4885,1328,4,68992,GMT+8
ticks,1499864905802000000,i1709,4890,4890,291,4885,1327,0,68992,GMT+8
ticks,1499864906300000000,i1709,4890,4890,290,4885,1327,0,68992,GMT+8
ticks,1499864906865000000,i1709,4890,4890,288,4885,1345,8,69000,GMT+8
ticks,1499864907327000000,i1709,4885,4890,321,4885,1325,2,69002,GMT+8
ticks,1499864907854000000,i1709,4890,4890,316,4885,1320,30,69032,GMT+8
ticks,1499864908314000000,i1709,4890,4890,325,4885,1321,8,69040,GMT+8
ticks,1499864908872000000,i1709,4890,4890,363,4885,1262,4,69044,GMT+8
ticks,1499864909328000000,i1709,4890,4890,459,4885,1197,22,69066,GMT+8
ticks,1499864909823000000,i1709,4890,4890,595,4885,1199,0,69066,GMT+8
ticks,1499864910328000000,i1709,4890,4890,606,4885,1200,0,69066,GMT+8
ticks,1499864910869000000,i1709,4890,4890,607,4885,1167,0,69066,GMT+8
ticks,1499864911354000000,i1709,4885,4890,646,4885,1166,2,69068,GMT+8
ticks,1499864911877000000,i1709,4890,4890,635,4885,1166,24,69092,GMT+8
ticks,1499864912374000000,i1709,4890,4890,642,4885,1167,2,69094,GMT+8
ticks,1499864912784000000,i1709,4890,4890,644,4885,1160,0,69094,GMT+8
ticks,1499864913342000000,i1709,4885,4890,639,4885,1159,12,69106,GMT+8
ticks,1499864913876000000,i1709,4890,4890,641,4885,1162,12,69118,GMT+8
ticks,1499864914375000000,i1709,4890,4890,644,4885,1162,0,69118,GMT+8
ticks,1499864914864000000,i1709,4885,4890,647,4885,1030,2,69120,GMT+8
ticks,1499864915872000000,i1709,4885,4890,647,4885,1031,0,69120,GMT+8
ticks,1499864916376000000,i1709,4885,4890,648,4885,1031,0,69120,GMT+8
ticks,1499864916800000000,i1709,4885,4890,648,4885,1047,8,69128,GMT+8
ticks,1499864917098000000,i1709,4885,4890,653,4885,1044,0,69128,GMT+8
ticks,1499864917881000000,i1709,4885,4890,664,4885,995,60,69188,GMT+8
ticks,1499864918352000000,i1709,4885,4890,726,4885,1001,0,69188,GMT+8
ticks,1499864918841000000,i1709,4885,4890,876,4885,1000,0,69188,GMT+8
ticks,1499864919364000000,i1709,4885,4890,879,4885,965,30,69218,GMT+8
ticks,1499864919736000000,i1709,4885,4890,888,4885,969,0,69218,GMT+8
ticks,1499864920341000000,i1709,4885,4890,947,4885,969,0,69218,GMT+8
ticks,1499864920588000000,i1709,4885,4890,947,4885,961,0,69218,GMT+8
ticks,1499864921383000000,i1709,4885,4890,950,4885,960,2,69220,GMT+8
ticks,1499864921878000000,i1709,4890,4890,956,4885,960,6,69226,GMT+8
ticks,1499864922317000000,i1709,4885,4890,954,4885,958,8,69234,GMT+8
ticks,1499864922747000000,i1709,4885,4890,959,4885,957,2,69236,GMT+8
ticks,1499864923365000000,i1709,4890,4890,960,4885,917,20,69256,GMT+8
ticks,1499864923870000000,i1709,4885,4890,971,4885,911,4,69260,GMT+8
ticks,1499864924302000000,i1709,4890,4890,692,4885,911,216,69476,GMT+8
ticks,1499864924887000000,i1709,4885,4890,713,4885,887,8,69484,GMT+8
ticks,1499864925355000000,i1709,4885,4890,715,4885,883,8,69492,GMT+8
ticks,1499864925752000000,i1709,4885,4890,813,4885,874,24,69516,GMT+8
ticks,1499864926350000000,i1709,4885,4890,812,4885,869,4,69520,GMT+8
ticks,1499864926764000000,i1709,4885,4890,812,4885,860,22,69542,GMT+8
ticks,1499864927248000000,i1709,4885,4890,841,4885,860,0,69542,GMT+8
ticks,1499864927870000000,i1709,4885,4890,843,4885,861,0,69542,GMT+8
ticks,1499864928369000000,i1709,4885,4890,851,4885,863,0,69542,GMT+8
ticks,1499864928818000000,i1709,4885,4890,852,4885,865,0,69542,GMT+8
ticks,1499864929365000000,i1709,4890,4890,849,4885,863,14,69556,GMT+8
ticks,1499864929821000000,i1709,4885,4890,849,4885,862,4,69560,GMT+8
ticks,1499864930191000000,i1709,4885,4890,839,4885,862,0,69560,GMT+8
ticks,1499864930870000000,i1709,4885,4890,840,4885,854,14,69574,GMT+8
ticks,1499864931801000000,i1709,4885,4890,820,4885,856,14,69588,GMT+8
ticks,1499864932331000000,i1709,4885,4890,892,4885,873,10,69598,GMT+8
ticks,1499864932732000000,i1709,4885,4890,893,4885,873,0,69598,GMT+8
ticks,1499864933834000000,i1709,4885,4890,873,4885,879,6,69604,GMT+8
ticks,1499864934300000000,i1709,4885,4890,894,4885,870,0,69604,GMT+8
ticks,1499864934877000000,i1709,4885,4890,895,4885,865,10,69614,GMT+8
ticks,1499864935362000000,i1709,4885,4890,897,4885,865,2,69616,GMT+8
ticks,1499864935670000000,i1709,4885,4890,897,4885,864,2,69618,GMT+8
ticks,1499864936219000000,i1709,4885,4890,932,4885,867,6,69624,GMT+8
ticks,1499864937300000000,i1709,4885,4890,921,4885,882,0,69624,GMT+8
ticks,1499864937872000000,i1709,4890,4890,916,4885,878,8,69632,GMT+8
ticks,1499864938377000000,i1709,4890,4890,917,4885,878,0,69632,GMT+8
ticks,1499864938880000000,i1709,4885,4890,919,4885,876,6,69638,GMT+8
ticks,1499864939258000000,i1709,4885,4890,918,4885,876,0,69638,GMT+8
ticks,1499864939809000000,i1709,4885,4890,919,4885,876,2,69640,GMT+8
ticks,1499864940301000000,i1709,4885,4890,987,4885,867,4,69644,GMT+8
ticks,1499864940801000000,i1709,4885,4890,989,4885,861,0,69644,GMT+8
ticks,1499864941386000000,i1709,4885,4890,989,4885,807,108,69752,GMT+8
ticks,1499864941753000000,i1709,4885,4890,980,4885,808,0,69752,GMT+8
ticks,1499864942292000000,i1709,4885,4890,980,4885,810,0,69752,GMT+8
ticks,1499864942883000000,i1709,4885,4890,982,4885,809,2,69754,GMT+8
ticks,1499864943274000000,i1709,4885,4890,983,4885,809,2,69756,GMT+8
ticks,1499864944322000000,i1709,4885,4890,983,4885,810,0,69756,GMT+8
ticks,1499864944836000000,i1709,4890,4890,1009,4885,811,2,69758,GMT+8
ticks,1499864945375000000,i1709,4885,4890,1010,4885,805,14,69772,GMT+8
ticks,1499864946369000000,i1709,4885,4890,1050,4885,806,0,69772,GMT+8
ticks,1499864946854000000,i1709,4890,4890,1048,4885,811,4,69776,GMT+8
ticks,1499864947378000000,i1709,4885,4890,1048,4885,760,104,69880,GMT+8
ticks,1499864947869000000,i1709,4890,4890,1056,4885,758,12,69892,GMT+8
ticks,1499864948367000000,i1709,4890,4890,1056,4885,759,0,69892,GMT+8
ticks,1499864948846000000,i1709,4890,4890,1056,4885,758,0,69892,GMT+8
ticks,1499864949247000000,i1709,4890,4890,1052,4885,758,10,69902,GMT+8
ticks,1499864949544000000,i1709,4890,4890,1051,4885,758,2,69904,GMT+8
ticks,1499864950264000000,i1709,4885,4890,1052,4885,745,28,69932,GMT+8
ticks,1499864950800000000,i1709,4885,4890,1053,4885,743,4,69936,GMT+8
ticks,1499864951263000000,i1709,4885,4890,1054,4885,673,140,70076,GMT+8
ticks,1499864951831000000,i1709,4885,4890,1106,4885,673,0,70076,GMT+8
ticks,1499864952385000000,i1709,4885,4890,1106,4885,717,12,70088,GMT+8
ticks,1499864952743000000,i1709,4885,4890,1109,4885,717,0,70088,GMT+8
ticks,1499864953345000000,i1709,4885,4890,1108,4885,718,2,70090,GMT+8
ticks,1499864953800000000,i1709,4885,4890,1108,4885,662,112,70202,GMT+8
ticks,1499864954344000000,i1709,4885,4890,1108,4885,666,16,70218,GMT+8
ticks,1499864954805000000,i1709,4885,4890,1108,4885,667,4,70222,GMT+8
ticks,1499864955116000000,i1709,4885,4890,1108,4885,666,2,70224,GMT+8
ticks,1499864955876000000,i1709,4885,4890,1108,4885,667,0,70224,GMT+8
ticks,1499864956381000000,i1709,4890,4890,1106,4885,667,2,70226,GMT+8
ticks,1499864956875000000,i1709,4885,4890,1105,4885,679,6,70232,GMT+8
ticks,1499864957332000000,i1709,4885,4890,1205,4885,653,60,70292,GMT+8
ticks,1499864957724000000,i1709,4885,4890,1305,4885,648,10,70302,GMT+8
ticks,1499864958194000000,i1709,4885,4890,1307,4885,642,12,70314,GMT+8
ticks,1499864958855000000,i1709,4885,4890,1309,4885,682,2,70316,GMT+8
ticks,1499864959361000000,i1709,4885,4890,1309,4885,685,2,70318,GMT+8
ticks,1499864959886000000,i1709,4885,4890,1314,4885,688,0,70318,GMT+8
ticks,1499864960385000000,i1709,4890,4890,1308,4885,698,4,70322,GMT+8
ticks,1499864961329000000,i1709,4885,4890,1315,4885,700,2,70324,GMT+8
ticks,1499864961800000000,i1709,4885,4890,1315,4885,744,0,70324,GMT+8
ticks,1499864962281000000,i1709,4885,4890,1314,4885,749,0,70324,GMT+8
ticks,1499864962866000000,i1709,4885,4890,1314,4885,766,0,70324,GMT+8
ticks,1499864963242000000,i1709,4890,4890,1311,4885,764,12,70336,GMT+8
ticks,1499864963755000000,i1709,4890,4890,1310,4885,786,0,70336,GMT+8
ticks,1499864964880000000,i1709,4885,4890,1309,4885,787,2,70338,GMT+8
ticks,1499864965379000000,i1709,4885,4890,1309,4885,795,8,70346,GMT+8
ticks,1499864965832000000,i1709,4885,4890,1309,4885,794,2,70348,GMT+8
ticks,1499864966328000000,i1709,4885,4890,1480,4885,796,0,70348,GMT+8
ticks,1499864966883000000,i1709,4890,4890,1479,4885,787,20,70368,GMT+8
ticks,1499864967322000000,i1709,4890,4890,1477,4885,806,10,70378,GMT+8
ticks,1499864967769000000,i1709,4885,4890,1478,4885,806,2,70380,GMT+8
ticks,1499864968348000000,i1709,4885,4890,1478,4885,807,0,70380,GMT+8
ticks,1499864968802000000,i1709,4885,4890,1427,4885,807,2,70382,GMT+8
ticks,1499864969354000000,i1709,4885,4890,1328,4885,1110,2,70384,GMT+8
ticks,1499864969800000000,i1709,4890,4890,1294,4885,1110,18,70402,GMT+8
ticks,1499864970388000000,i1709,4890,4890,1295,4885,1112,0,70402,GMT+8
ticks,1499864970878000000,i1709,4890,4890,1291,4885,1112,0,70402,GMT+8
ticks,1499864971336000000,i1709,4890,4890,1293,4885,1112,0,70402,GMT+8
ticks,1499864971868000000,i1709,4885,4890,1293,4885,1112,2,70404,GMT+8
ticks,1499864972238000000,i1709,4885,4890,1315,4885,1113,0,70404,GMT+8
ticks,1499864972794000000,i1709,4890,4890,1312,4885,1113,8,70412,GMT+8
ticks,1499864973300000000,i1709,4885,4890,1300,4885,1102,42,70454,GMT+8
ticks,1499864973809000000,i1709,4890,4890,1295,4885,1103,10,70464,GMT+8
ticks,1499864974145000000,i1709,4890,4890,1298,4885,1123,2,70466,GMT+8
ticks,1499864975315000000,i1709,4890,4890,1297,4885,1125,2,70468,GMT+8
ticks,1499864975800000000,i1709,4890,4890,1286,4885,1126,2,70470,GMT+8
ticks,1499864976370000000,i1709,4890,4890,1286,4885,1133,0,70470,GMT+8
ticks,1499864976830000000,i1709,4890,4890,1285,4885,1134,2,70472,GMT+8
ticks,1499864977367000000,i1709,4885,4890,1285,4885,1133,4,70476,GMT+8
ticks,1499864977797000000,i1709,4885,4890,1285,4885,1132,2,70478,GMT+8
ticks,1499864978267000000,i1709,4890,4890,1283,4885,1132,4,70482,GMT+8
ticks,1499864978643000000,i1709,4890,4890,1283,4885,1133,0,70482,GMT+8
ticks,1499864979282000000,i1709,4890,4890,1273,4885,1134,0,70482,GMT+8
ticks,1499864979796000000,i1709,4885,4890,1232,4885,1132,86,70568,GMT+8
ticks,1499864980286000000,i1709,4885,4890,1232,4885,1133,0,70568,GMT+8
ticks,1499864980800000000,i1709,4885,4890,1231,4885,1135,0,70568,GMT+8
ticks,1499864981332000000,i1709,4885,4890,1230,4885,1136,0,70568,GMT+8
ticks,1499864981821000000,i1709,4885,4890,1210,4885,1136,0,70568,GMT+8
ticks,1499864982382000000,i1709,4885,4890,1210,4885,1139,2,70570,GMT+8
ticks,1499864982788000000,i1709,4885,4890,1212,4885,1103,72,70642,GMT+8
ticks,1499864983367000000,i1709,4885,4890,1219,4885,1103,0,70642,GMT+8
ticks,1499864984377000000,i1709,4885,4890,1221,4885,1104,0,70642,GMT+8
ticks,1499864984696000000,i1709,4890,4890,1220,4885,1104,2,70644,GMT+8
ticks,1499864985861000000,i1709,4885,4890,1214,4885,1104,14,70658,GMT+8
ticks,1499864986365000000,i1709,4885,4890,1215,4885,1100,4,70662,GMT+8
ticks,1499864986795000000,i1709,4885,4890,1212,4885,1106,0,70662,GMT+8
ticks,1499864987361000000,i1709,4885,4890,1211,4885,1109,0,70662,GMT+8
ticks,1499864987844000000,i1709,4885,4890,1211,4885,1110,0,70662,GMT+8
ticks,1499864988388000000,i1709,4885,4890,1211,4885,1110,4,70666,GMT+8
ticks,1499864988854000000,i1709,4885,4890,1224,4885,1110,0,70666,GMT+8
ticks,1499864989300000000,i1709,4890,4890,1213,4885,1109,22,70688,GMT+8
ticks,1499864989830000000,i1709,4890,4890,1119,4885,1114,188,70876,GMT+8
ticks,1499864990300000000,i1709,4890,4890,1224,4885,1115,24,70900,GMT+8
ticks,1499864990819000000,i1709,4890,4890,1221,4885,1115,6,70906,GMT+8
ticks,1499864991359000000,i1709,4885,4890,1222,4885,1094,6,70912,GMT+8
ticks,1499864991737000000,i1709,4890,4890,1018,4885,1094,8,70920,GMT+8
ticks,1499864992371000000,i1709,4890,4890,1017,4885,1095,4,70924,GMT+8
ticks,1499864992669000000,i1709,4890,4890,1018,4885,1095,0,70924,GMT+8
ticks,1499864993296000000,i1709,4890,4890,1017,4885,1095,0,70924,GMT+8
ticks,1499864993861000000,i1709,4890,4890,1017,4885,1098,0,70924,GMT+8
ticks,1499864994244000000,i1709,4885,4890,1018,4885,1097,12,70936,GMT+8
ticks,1499864994806000000,i1709,4885,4890,1018,4885,1098,0,70936,GMT+8
ticks,1499864995337000000,i1709,4890,4890,1016,4885,1099,6,70942,GMT+8
ticks,1499864995720000000,i1709,4890,4890,1020,4885,1099,0,70942,GMT+8
ticks,1499864996379000000,i1709,4890,4890,1010,4885,1101,20,70962,GMT+8
ticks,1499864996874000000,i1709,4885,4890,1010,4885,1100,2,70964,GMT+8
ticks,1499864997358000000,i1709,4890,4890,1009,4885,1090,2,70966,GMT+8
ticks,1499864997741000000,i1709,4885,4890,1007,4885,1088,4,70970,GMT+8
ticks,1499864998601000000,i1709,4890,4890,1002,4885,1090,10,70980,GMT+8
ticks,1499864999365000000,i1709,4890,4890,758,4885,1096,490,71470,GMT+8
ticks,1499865000368000000,i1709,4885,4890,750,4885,1085,40,71510,GMT+8
ticks,1499865000815000000,i1709,4890,4890,743,4885,1192,24,71534,GMT+8
ticks,1499865001334000000,i1709,4890,4890,742,4885,1192,2,71536,GMT+8
ticks,1499865001814000000,i1709,4890,4895,1928,4890,190,1482,73018,GMT+8
ticks,1499865002296000000,i1709,4890,4895,1733,4890,320,8,73026,GMT+8
ticks,1499865002869000000,i1709,4890,4895,1730,4890,359,0,73026,GMT+8
ticks,1499865003343000000,i1709,4890,4895,1730,4890,365,0,73026,GMT+8
ticks,1499865003862000000,i1709,4890,4895,1740,4890,351,2,73028,GMT+8
ticks,1499865004330000000,i1709,4890,4895,1740,4890,351,12,73040,GMT+8
ticks,1499865004613000000,i1709,4890,4895,1740,4890,358,2,73042,GMT+8
ticks,1499865005315000000,i1709,4890,4895,1740,4890,390,0,73042,GMT+8
ticks,1499865005871000000,i1709,4890,4895,1741,4890,389,8,73050,GMT+8
ticks,1499865006300000000,i1709,4890,4895,1741,4890,388,0,73050,GMT+8
ticks,1499865006873000000,i1709,4890,4895,1741,4890,389,0,73050,GMT+8
ticks,1499865007285000000,i1709,4890,4895,1741,4890,402,0,73050,GMT+8
ticks,1499865007842000000,i1709,4895,4895,1739,4890,407,10,73060,GMT+8
ticks,1499865008255000000,i1709,4890,4895,1741,4890,397,22,73082,GMT+8
ticks,1499865008748000000,i1709,4890,4895,1736,4890,405,12,73094,GMT+8
ticks,1499865009301000000,i1709,4895,4895,1726,4890,409,20,73114,GMT+8
ticks,1499865009829000000,i1709,4895,4895,1720,4890,409,12,73126,GMT+8
ticks,1499865010291000000,i1709,4895,4895,1721,4890,411,0,73126,GMT+8
ticks,1499865010822000000,i1709,4895,4895,1720,4890,412,6,73132,GMT+8
ticks,1499865011232000000,i1709,4895,4895,1721,4890,439,0,73132,GMT+8
ticks,1499865011846000000,i1709,4890,4895,1620,4890,418,246,73378,GMT+8
ticks,1499865012312000000,i1709,4890,4895,1631,4890,416,2,73380,GMT+8
ticks,1499865012881000000,i1709,4890,4895,1636,4890,440,2,73382,GMT+8
ticks,1499865013343000000,i1709,4895,4895,1631,4890,444,10,73392,GMT+8
ticks,1499865013784000000,i1709,4895,4895,1627,4890,450,8,73400,GMT+8
ticks,1499865014300000000,i1709,4895,4895,1627,4890,535,0,73400,GMT+8
ticks,1499865014800000000,i1709,4895,4895,1628,4890,587,0,73400,GMT+8
ticks,1499865015801000000,i1709,4895,4895,1628,4890,589,0,73400,GMT+8
ticks,1499865016301000000,i1709,4890,4895,1628,4890,573,30,73430,GMT+8
ticks,1499865016871000000,i1709,4890,4895,1628,4890,576,0,73430,GMT+8
ticks,1499865017886000000,i1709,4890,4895,1432,4890,575,2,73432,GMT+8
ticks,1499865018300000000,i1709,4890,4895,1432,4890,577,8,73440,GMT+8
ticks,1499865018827000000,i1709,4890,4895,1432,4890,578,0,73440,GMT+8
ticks,1499865019359000000,i1709,4890,4895,1432,4890,580,6,73446,GMT+8
ticks,1499865020367000000,i1709,4895,4895,1431,4890,582,2,73448,GMT+8
ticks,1499865020817000000,i1709,4895,4895,1429,4890,578,12,73460,GMT+8
ticks,1499865021369000000,i1709,4890,4895,1429,4890,576,6,73466,GMT+8
ticks,1499865021839000000,i1709,4895,4895,1428,4890,580,2,73468,GMT+8
ticks,1499865022368000000,i1709,4895,4895,1428,4890,595,0,73468,GMT+8
ticks,1499865022822000000,i1709,4895,4895,1428,4890,609,0,73468,GMT+8
ticks,1499865023381000000,i1709,4895,4895,1417,4890,614,22,73490,GMT+8
ticks,1499865023877000000,i1709,4895,4895,1417,4890,622,0,73490,GMT+8
ticks,1499865024350000000,i1709,4895,4895,1412,4890,627,12,73502,GMT+8
ticks,1499865024757000000,i1709,4895,4895,1411,4890,629,2,73504,GMT+8
ticks,1499865025376000000,i1709,4895,4895,1411,4890,630,0,73504,GMT+8
ticks,1499865025881000000,i1709,4895,4895,1410,4890,628,2,73506,GMT+8
ticks,1499865026358000000,i1709,4895,4895,1410,4890,631,0,73506,GMT+8
ticks,1499865026844000000,i1709,4895,4895,1401,4890,317,670,74176,GMT+8
ticks,1499865027325000000,i1709,4890,4890,303,4885,1505,634,74810,GMT+8
ticks,1499865027845000000,i1709,4890,4890,352,4885,1459,2,74812,GMT+8
ticks,1499865028377000000,i1709,4890,4890,487,4885,1324,160,74972,GMT+8
ticks,1499865028859000000,i1709,4890,4890,569,4885,1322,8,74980,GMT+8
ticks,1499865029346000000,i1709,4890,4890,587,4885,1323,12,74992,GMT+8
ticks,1499865029880000000,i1709,4890,4890,585,4885,1323,4,74996,GMT+8
ticks,1499865030365000000,i1709,4885,4890,584,4885,1323,4,75000,GMT+8
ticks,1499865030732000000,i1709,4885,4890,584,4885,1281,4,75004,GMT+8
ticks,1499865031373000000,i1709,4890,4890,555,4885,1296,50,75054,GMT+8
ticks,1499865031888000000,i1709,4890,4890,414,4885,1300,62,75116,GMT+8
ticks,1499865032367000000,i1709,4890,4895,1531,4890,210,828,75944,GMT+8
ticks,1499865032875000000,i1709,4895,4895,1431,4890,254,200,76144,GMT+8
ticks,1499865033372000000,i1709,4890,4895,1423,4890,293,2,76146,GMT+8
ticks,1499865034357000000,i1709,4895,4895,1413,4890,296,20,76166,GMT+8
ticks,1499865034850000000,i1709,4890,4890,82,4885,1370,596,76762,GMT+8
ticks,1499865035302000000,i1709,4890,4890,88,4885,1566,4,76766,GMT+8
ticks,1499865035857000000,i1709,4890,4890,179,4885,1566,6,76772,GMT+8
ticks,1499865036373000000,i1709,4890,4890,186,4885,1581,2,76774,GMT+8
ticks,1499865036800000000,i1709,4890,4890,340,4885,1591,120,76894,GMT+8
ticks,1499865037363000000,i1709,4885,4890,326,4885,1523,32,76926,GMT+8
ticks,1499865037874000000,i1709,4890,4890,283,4885,1555,88,77014,GMT+8
ticks,1499865038340000000,i1709,4890,4890,281,4885,1556,4,77018,GMT+8
ticks,1499865038839000000,i1709,4890,4890,281,4885,1554,0,77018,GMT+8
ticks,1499865039222000000,i1709,4890,4890,300,4885,1554,2,77020,GMT+8
ticks,1499865039882000000,i1709,4890,4890,303,4885,1553,0,77020,GMT+8
ticks,1499865040375000000,i1709,4890,4890,304,4885,1554,28,77048,GMT+8
ticks,1499865040801000000,i1709,4890,4890,306,4885,1534,0,77048,GMT+8
ticks,1499865041337000000,i1709,4890,4890,210,4885,1535,232,77280,GMT+8
ticks,1499865041798000000,i1709,4890,4890,210,4885,1534,2,77282,GMT+8
ticks,1499865042357000000,i1709,4890,4890,209,4885,1534,2,77284,GMT+8
ticks,1499865042802000000,i1709,4890,4890,198,4885,1534,22,77306,GMT+8
ticks,1499865043309000000,i1709,4890,4890,170,4885,1533,28,77334,GMT+8
ticks,1499865043877000000,i1709,4890,4890,164,4885,1536,12,77346,GMT+8
ticks,1499865044346000000,i1709,4890,4890,112,4885,1537,108,77454,GMT+8
ticks,1499865044863000000,i1709,4890,4895,1412,4890,53,242,77696,GMT+8
ticks,1499865045299000000,i1709,4890,4895,1401,4885,1639,152,77848,GMT+8
ticks,1499865045836000000,i1709,4890,4890,4,4885,1703,36,77884,GMT+8
ticks,1499865046228000000,i1709,4890,4890,2,4885,1712,6,77890,GMT+8
ticks,1499865046862000000,i1709,4890,4895,1410,4890,50,4,77894,GMT+8
ticks,1499865047309000000,i1709,4890,4890,1,4885,1718,116,78010,GMT+8
ticks,1499865047827000000,i1709,4890,4890,1,4885,1822,2,78012,GMT+8
ticks,1499865048360000000,i1709,4890,4890,1020,4885,1732,6,78018,GMT+8
ticks,1499865048875000000,i1709,4885,4890,1019,4885,1681,108,78126,GMT+8
ticks,1499865049373000000,i1709,4890,4890,1025,4885,1667,10,78136,GMT+8
ticks,1499865049871000000,i1709,4890,4890,1025,4885,1664,0,78136,GMT+8
ticks,1499865050070000000,i1709,4890,4890,1025,4885,1665,0,78136,GMT+8
ticks,1499865050871000000,i1709,4890,4890,988,4885,1663,86,78222,GMT+8
ticks,1499865050994000000,i1709,4890,4890,1036,4885,1663,4,78226,GMT+8
ticks,1499865051787000000,i1709,4890,4890,1037,4885,1858,0,78226,GMT+8
ticks,1499865052339000000,i1709,4890,4890,1036,4885,1871,4,78230,GMT+8
ticks,1499865052772000000,i1709,4890,4890,1036,4885,1873,0,78230,GMT+8
ticks,1499865053379000000,i1709,4890,4890,1265,4885,1874,4,78234,GMT+8
ticks,1499865053800000000,i1709,4890,4890,1266,4885,1874,4,78238,GMT+8
ticks,1499865054364000000,i1709,4890,4890,1278,4885,1873,2,78240,GMT+8
ticks,1499865054860000000,i1709,4890,4890,1287,4885,1873,2,78242,GMT+8
ticks,1499865055360000000,i1709,4890,4890,1287,4885,1885,0,78242,GMT+8
ticks,1499865055887000000,i1709,4890,4890,1338,4885,1884,0,78242,GMT+8
ticks,1499865056299000000,i1709,4890,4890,1333,4885,1906,10,78252,GMT+8
ticks,1499865056605000000,i1709,4890,4890,1334,4885,1906,0,78252,GMT+8
ticks,1499865057355000000,i1709,4890,4890,1333,4885,1956,2,78254,GMT+8
ticks,1499865057872000000,i1709,4890,4890,1333,4885,1959,0,78254,GMT+8
ticks,1499865058249000000,i1709,4890,4890,1329,4885,1958,10,78264,GMT+8
ticks,1499865058881000000,i1709,4890,4890,1429,4885,1959,2,78266,GMT+8
ticks,1499865059866000000,i1709,4890,4890,1427,4885,1924,4,78270,GMT+8
ticks,1499865060350000000,i1709,4890,4890,1424,4885,1924,6,78276,GMT+8
ticks,1499865060703000000,i1709,4885,4890,1424,4885,1879,92,78368,GMT+8
ticks,1499865061367000000,i1709,4885,4890,1421,4885,1877,14,78382,GMT+8
ticks,1499865061846000000,i1709,4890,4890,1419,4885,1877,4,78386,GMT+8
ticks,1499865062305000000,i1709,4890,4890,1408,4885,1773,254,78640,GMT+8
ticks,1499865062743000000,i1709,4890,4890,1406,4885,1798,4,78644,GMT+8
ticks,1499865063743000000,i1709,4885,4890,1406,4885,1792,14,78658,GMT+8
ticks,1499865064305000000,i1709,4885,4890,1356,4885,1776,24,78682,GMT+8
ticks,1499865064819000000,i1709,4885,4890,1351,4885,1781,10,78692,GMT+8
ticks,1499865065387000000,i1709,4890,4890,1344,4885,1682,224,78916,GMT+8
ticks,1499865065831000000,i1709,4890,4890,1339,4885,1641,10,78926,GMT+8
ticks,1499865066294000000,i1709,4890,4890,1336,4885,1638,6,78932,GMT+8
ticks,1499865066881000000,i1709,4890,4890,1345,4885,1639,0,78932,GMT+8
ticks,1499865067300000000,i1709,4890,4890,1360,4885,1649,0,78932,GMT+8
ticks,1499865067651000000,i1709,4890,4890,1359,4885,1649,2,78934,GMT+8
ticks,1499865068010000000,i1709,4890,4890,1359,4885,1650,0,78934,GMT+8
ticks,1499865068836000000,i1709,4890,4890,1360,4885,1745,4,78938,GMT+8
ticks,1499865069300000000,i1709,4890,4890,1360,4885,1740,0,78938,GMT+8
ticks,1499865069869000000,i1709,4890,4890,1360,4885,1738,0,78938,GMT+8
ticks,1499865070380000000,i1709,4890,4890,1358,4885,1739,4,78942,GMT+8
ticks,1499865070703000000,i1709,4890,4890,1363,4885,1741,0,78942,GMT+8
ticks,1499865071352000000,i1709,4890,4890,1364,4885,1731,2,78944,GMT+8
ticks,1499865071870000000,i1709,4890,4890,1364,4885,1733,0,78944,GMT+8
ticks,1499865072369000000,i1709,4890,4890,393,4885,1759,4,78948,GMT+8
ticks,1499865072860000000,i1709,4890,4890,16,4885,1798,770,79718,GMT+8
ticks,1499865073368000000,i1709,4890,4890,136,4885,1934,122,79840,GMT+8
ticks,1499865073551000000,i1709,4890,4890,126,4885,1808,20,79860,GMT+8
ticks,1499865074379000000,i1709,4890,4890,214,4885,1798,0,79860,GMT+8
ticks,1499865074866000000,i1709,4885,4890,214,4885,1795,24,79884,GMT+8
ticks,1499865075300000000,i1709,4890,4890,197,4885,1795,36,79920,GMT+8
ticks,1499865075801000000,i1709,4885,4890,196,4885,1701,188,80108,GMT+8
ticks,1499865076302000000,i1709,4890,4890,194,4885,1700,6,80114,GMT+8
ticks,1499865076852000000,i1709,4890,4890,211,4885,1668,68,80182,GMT+8
ticks,1499865077380000000,i1709,4885,4890,470,4885,1640,50,80232,GMT+8
ticks,1499865077858000000,i1709,4885,4890,576,4885,1616,8,80240,GMT+8
ticks,1499865078359000000,i1709,4885,4890,586,4885,1616,0,80240,GMT+8
ticks,1499865078879000000,i1709,4890,4890,584,4885,1633,6,80246,GMT+8
ticks,1499865079265000000,i1709,4890,4890,585,4885,1696,0,80246,GMT+8
ticks,1499865079827000000,i1709,4890,4890,584,4885,1711,4,80250,GMT+8
ticks,1499865080320000000,i1709,4890,4890,585,4885,1714,2,80252,GMT+8
ticks,1499865080693000000,i1709,4890,4890,575,4885,1714,28,80280,GMT+8
ticks,1499865081386000000,i1709,4890,4890,575,4885,1741,0,80280,GMT+8
ticks,1499865081801000000,i1709,4890,4890,568,4885,1740,14,80294,GMT+8
ticks,1499865082867000000,i1709,4890,4890,568,4885,1742,2,80296,GMT+8
ticks,1499865083360000000,i1709,4890,4890,567,4885,1742,2,80298,GMT+8
ticks,1499865083882000000,i1709,4890,4890,564,4885,1791,8,80306,GMT+8
ticks,1499865084337000000,i1709,4890,4890,569,4885,1791,0,80306,GMT+8
ticks,1499865084656000000,i1709,4890,4890,569,4885,1793,0,80306,GMT+8
ticks,1499865084924000000,i1709,4885,4890,569,4885,1792,2,80308,GMT+8
ticks,1499865085548000000,i1709,4890,4890,568,4885,1792,2,80310,GMT+8
ticks,1499865086349000000,i1709,4890,4890,566,4885,1794,4,80314,GMT+8
ticks,1499865086747000000,i1709,4890,4890,566,4885,1796,0,80314,GMT+8
ticks,1499865087152000000,i1709,4890,4890,566,4885,1795,2,80316,GMT+8
ticks,1499865087877000000,i1709,4890,4890,572,4885,1797,4,80320,GMT+8
ticks,1499865088307000000,i1709,4890,4890,572,4885,1818,0,80320,GMT+8
ticks,1499865088885000000,i1709,4890,4890,602,4885,1818,0,80320,GMT+8
ticks,1499865089305000000,i1709,4890,4890,601,4885,1818,2,80322,GMT+8
ticks,1499865090384000000,i1709,4890,4890,600,4885,1818,2,80324,GMT+8
ticks,1499865091381000000,i1709,4890,4890,598,4885,1818,6,80330,GMT+8
ticks,1499865091823000000,i1709,4885,4890,597,4885,1697,244,80574,GMT+8
ticks,1499865092364000000,i1709,4890,4890,534,4885,1722,90,80664,GMT+8
ticks,1499865092874000000,i1709,4890,4890,527,4885,1725,14,80678,GMT+8
ticks,1499865093299000000,i1709,4890,4890,525,4885,1725,0,80678,GMT+8
ticks,1499865093881000000,i1709,4890,4890,545,4885,1705,2,80680,GMT+8
ticks,1499865094354000000,i1709,4890,4890,427,4885,1711,234,80914,GMT+8
ticks,1499865095301000000,i1709,4890,4890,421,4885,1712,12,80926,GMT+8
ticks,1499865095873000000,i1709,4890,4890,421,4885,1717,0,80926,GMT+8
ticks,1499865096378000000,i1709,4890,4890,423,4885,1718,0,80926,GMT+8
ticks,1499865096806000000,i1709,4890,4890,423,4885,1723,0,80926,GMT+8
ticks,1499865097125000000,i1709,4890,4890,422,4885,1722,2,80928,GMT+8
ticks,1499865097873000000,i1709,4890,4890,422,4885,1739,0,80928,GMT+8
ticks,1499865098376000000,i1709,4890,4890,320,4885,1739,204,81132,GMT+8
ticks,1499865098871000000,i1709,4885,4890,358,4885,1619,240,81372,GMT+8
ticks,1499865099355000000,i1709,4890,4890,245,4885,1616,326,81698,GMT+8
ticks,1499865099888000000,i1709,4890,4890,280,4885,1636,4,81702,GMT+8
ticks,1499865100340000000,i1709,4890,4890,280,4885,1620,32,81734,GMT+8
ticks,1499865100877000000,i1709,4890,4890,237,4885,1623,8,81742,GMT+8
ticks,1499865101245000000,i1709,4890,4890,841,4885,1535,0,81742,GMT+8
ticks,1499865101855000000,i1709,4885,4890,861,4885,1533,2,81744,GMT+8
ticks,1499865102317000000,i1709,4890,4890,893,4885,1536,2,81746,GMT+8
ticks,1499865102837000000,i1709,4890,4890,892,4885,1536,0,81746,GMT+8
ticks,1499865103295000000,i1709,4890,4890,892,4885,1537,0,81746,GMT+8
ticks,1499865103877000000,i1709,4890,4890,892,4885,1552,4,81750,GMT+8
ticks,1499865104215000000,i1709,4890,4890,891,4885,1552,6,81756,GMT+8
ticks,1499865104866000000,i1709,4890,4890,888,4885,1554,6,81762,GMT+8
ticks,1499865105317000000,i1709,4890,4890,889,4885,1554,0,81762,GMT+8
ticks,1499865105881000000,i1709,4885,4890,889,4885,1550,10,81772,GMT+8
ticks,1499865106375000000,i1709,4885,4890,890,4885,1550,0,81772,GMT+8
ticks,1499865106648000000,i1709,4890,4890,890,4885,1551,4,81776,GMT+8
ticks,1499865107373000000,i1709,4890,4890,891,4885,1551,0,81776,GMT+8
ticks,1499865107652000000,i1709,4890,4890,910,4885,1551,2,81778,GMT+8
ticks,1499865108297000000,i1709,4890,4890,934,4885,1551,0,81778,GMT+8
ticks,1499865108800000000,i1709,4890,4890,801,4885,1552,420,82198,GMT+8
ticks,1499865109354000000,i1709,4890,4890,803,4885,1551,0,82198,GMT+8
ticks,1499865110302000000,i1709,4885,4890,821,4885,1549,12,82210,GMT+8
ticks,1499865110845000000,i1709,4885,4890,814,4885,1549,0,82210,GMT+8
ticks,1499865111331000000,i1709,4885,4890,805,4885,1544,10,82220,GMT+8
ticks,1499865111801000000,i1709,4890,4890,882,4885,1544,8,82228,GMT+8
ticks,1499865112328000000,i1709,4890,4890,872,4885,1544,0,82228,GMT+8
ticks,1499865112872000000,i1709,4885,4890,872,4885,1546,2,82230,GMT+8
ticks,1499865113364000000,i1709,4890,4890,869,4885,1544,10,82240,GMT+8
ticks,1499865113829000000,i1709,4890,4890,890,4885,1544,0,82240,GMT+8
ticks,1499865114353000000,i1709,4890,4890,878,4885,1538,6,82246,GMT+8
ticks,1499865114858000000,i1709,4890,4890,1012,4885,1392,2,82248,GMT+8
ticks,1499865115019000000,i1709,4885,4890,1013,4885,1391,4,82252,GMT+8
ticks,1499865115877000000,i1709,4890,4890,787,4885,1391,478,82730,GMT+8
ticks,1499865116384000000,i1709,4890,4890,740,4885,1418,0,82730,GMT+8
ticks,1499865116888000000,i1709,4890,4890,739,4885,1417,0,82730,GMT+8
ticks,1499865117161000000,i1709,4885,4890,739,4885,1416,2,82732,GMT+8
ticks,1499865117859000000,i1709,4885,4890,740,4885,1403,0,82732,GMT+8
ticks,1499865118309000000,i1709,4885,4890,739,4885,1401,6,82738,GMT+8
ticks,1499865118881000000,i1709,4885,4890,728,4885,1398,26,82764,GMT+8
ticks,1499865119322000000,i1709,4890,4890,710,4885,1398,40,82804,GMT+8
ticks,1499865119839000000,i1709,4890,4890,615,4885,1413,200,83004,GMT+8
ticks,1499865120325000000,i1709,4885,4890,615,4885,1383,20,83024,GMT+8
ticks,1499865120816000000,i1709,4890,4890,630,4885,1390,24,83048,GMT+8
ticks,1499865121211000000,i1709,4890,4890,625,4885,1389,10,83058,GMT+8
ticks,1499865121882000000,i1709,4890,4890,624,4885,1490,0,83058,GMT+8
ticks,1499865122374000000,i1709,4890,4890,616,4885,1489,14,83072,GMT+8
ticks,1499865122837000000,i1709,4890,4890,616,4885,1524,2,83074,GMT+8
ticks,1499865123251000000,i1709,4890,4890,612,4885,1519,24,83098,GMT+8
ticks,1499865123866000000,i1709,4890,4890,358,4885,1565,400,83498,GMT+8
ticks,1499865124324000000,i1709,4890,4895,1700,4890,127,716,84214,GMT+8
ticks,1499865124869000000,i1709,4890,4895,1696,4890,36,626,84840,GMT+8
ticks,1499865125380000000,i1709,4890,4895,1695,4890,163,72,84912,GMT+8
ticks,1499865125746000000,i1709,4890,4895,1695,4890,164,2,84914,GMT+8
