name,time,symbol,last,ask_price,ask_size,bid_price,bid_size,volume,total_volume,timezone
ticks,1499432400000000000,i1709,4805,4810,136,4805,280,1428,1428,GMT+8
ticks,1499432400371000000,i1709,4810,4810,32,4805,387,770,2198,GMT+8
ticks,1499432400872000000,i1709,4810,4815,607,4810,442,986,3184,GMT+8
ticks,1499432401368000000,i1709,4810,4815,538,4810,479,368,3552,GMT+8
ticks,1499432401864000000,i1709,4815,4815,643,4810,381,230,3782,GMT+8
ticks,1499432402363000000,i1709,4810,4815,462,4810,222,694,4476,GMT+8
ticks,1499432402865000000,i1709,4815,4815,455,4810,170,110,4586,GMT+8
ticks,1499432403371000000,i1709,4815,4815,398,4810,146,374,4960,GMT+8
ticks,1499432403851000000,i1709,4815,4815,279,4810,151,256,5216,GMT+8
ticks,1499432404369000000,i1709,4815,4815,280,4810,156,98,5314,GMT+8
ticks,1499432404864000000,i1709,4810,4815,267,4810,41,538,5852,GMT+8
ticks,1499432405370000000,i1709,4805,4815,184,4805,683,400,6252,GMT+8
ticks,1499432405864000000,i1709,4810,4815,275,4810,25,308,6560,GMT+8
ticks,1499432406372000000,i1709,4810,4810,118,4805,381,754,7314,GMT+8
ticks,1499432406871000000,i1709,4810,4810,115,4805,437,96,7410,GMT+8
ticks,1499432407357000000,i1709,4810,4810,121,4805,422,70,7480,GMT+8
ticks,1499432407842000000,i1709,4810,4810,141,4805,440,52,7532,GMT+8
ticks,1499432408335000000,i1709,4810,4810,141,4805,436,22,7554,GMT+8
ticks,1499432408863000000,i1709,4810,4810,339,4805,322,38,7592,GMT+8
ticks,1499432409353000000,i1709,4805,4810,395,4805,299,68,7660,GMT+8
ticks,1499432409863000000,i1709,4805,4810,414,4805,101,390,8050,GMT+8
ticks,1499432410370000000,i1709,4805,4805,212,4800,908,342,8392,GMT+8
ticks,1499432410863000000,i1709,4805,4805,235,4800,919,128,8520,GMT+8
ticks,1499432411371000000,i1709,4805,4805,411,4800,937,24,8544,GMT+8
ticks,1499432411872000000,i1709,4800,4805,495,4800,558,760,9304,GMT+8
ticks,1499432412370000000,i1709,4805,4805,534,4800,478,262,9566,GMT+8
ticks,1499432412872000000,i1709,4800,4805,535,4800,153,476,10042,GMT+8
ticks,1499432413369000000,i1709,4800,4805,594,4800,122,78,10120,GMT+8
ticks,1499432413863000000,i1709,4800,4805,708,4800,86,86,10206,GMT+8
ticks,1499432414358000000,i1709,4805,4805,725,4800,88,18,10224,GMT+8
ticks,1499432414869000000,i1709,4805,4805,724,4800,83,30,10254,GMT+8
ticks,1499432415370000000,i1709,4800,4805,710,4800,28,160,10414,GMT+8
ticks,1499432415872000000,i1709,4800,4800,554,4795,1552,124,10538,GMT+8
ticks,1499432416359000000,i1709,4795,4800,650,4795,1531,114,10652,GMT+8
ticks,1499432416872000000,i1709,4795,4800,750,4795,1242,580,11232,GMT+8
ticks,1499432417363000000,i1709,4805,4805,18,4800,304,3122,14354,GMT+8
ticks,1499432417868000000,i1709,4805,4810,521,4800,253,252,14606,GMT+8
ticks,1499432418364000000,i1709,4800,4805,90,4800,374,156,14762,GMT+8
ticks,1499432418865000000,i1709,4800,4805,89,4800,399,12,14774,GMT+8
ticks,1499432419320000000,i1709,4805,4805,149,4800,540,66,14840,GMT+8
ticks,1499432419868000000,i1709,4800,4805,272,4800,642,238,15078,GMT+8
ticks,1499432420364000000,i1709,4805,4805,264,4800,653,82,15160,GMT+8
ticks,1499432420858000000,i1709,4805,4805,291,4800,644,32,15192,GMT+8
ticks,1499432421371000000,i1709,4800,4805,311,4800,686,56,15248,GMT+8
ticks,1499432421863000000,i1709,4800,4805,286,4800,921,46,15294,GMT+8
ticks,1499432422370000000,i1709,4805,4805,117,4800,822,558,15852,GMT+8
ticks,1499432422862000000,i1709,4800,4805,115,4800,804,264,16116,GMT+8
ticks,1499432423341000000,i1709,4800,4805,139,4800,851,14,16130,GMT+8
ticks,1499432423848000000,i1709,4800,4805,136,4800,842,42,16172,GMT+8
ticks,1499432424309000000,i1709,4800,4805,114,4800,844,50,16222,GMT+8
ticks,1499432424846000000,i1709,4800,4805,123,4800,849,24,16246,GMT+8
ticks,1499432425366000000,i1709,4805,4805,108,4800,975,108,16354,GMT+8
ticks,1499432425859000000,i1709,4805,4805,83,4800,964,120,16474,GMT+8
ticks,1499432426364000000,i1709,4805,4810,587,4805,27,204,16678,GMT+8
ticks,1499432426863000000,i1709,4805,4810,577,4805,122,156,16834,GMT+8
ticks,1499432427363000000,i1709,4805,4810,725,4805,116,196,17030,GMT+8
ticks,1499432427863000000,i1709,4805,4805,83,4800,1197,312,17342,GMT+8
ticks,1499432428371000000,i1709,4805,4805,86,4800,1187,56,17398,GMT+8
ticks,1499432428872000000,i1709,4805,4805,169,4800,1191,36,17434,GMT+8
ticks,1499432429366000000,i1709,4805,4810,708,4805,77,358,17792,GMT+8
ticks,1499432429872000000,i1709,4805,4810,707,4805,72,14,17806,GMT+8
ticks,1499432430368000000,i1709,4805,4810,681,4805,52,94,17900,GMT+8
ticks,1499432430870000000,i1709,4810,4810,462,4805,52,170,18070,GMT+8
ticks,1499432431363000000,i1709,4810,4810,454,4805,180,22,18092,GMT+8
ticks,1499432431862000000,i1709,4805,4810,459,4805,250,204,18296,GMT+8
ticks,1499432432373000000,i1709,4805,4810,451,4805,389,62,18358,GMT+8
ticks,1499432432838000000,i1709,4805,4810,451,4805,388,8,18366,GMT+8
ticks,1499432433369000000,i1709,4810,4810,398,4805,251,246,18612,GMT+8
ticks,1499432433865000000,i1709,4810,4810,395,4805,305,16,18628,GMT+8
ticks,1499432434372000000,i1709,4805,4810,453,4805,303,12,18640,GMT+8
ticks,1499432434864000000,i1709,4805,4810,462,4805,291,108,18748,GMT+8
ticks,1499432435364000000,i1709,4805,4810,416,4805,319,110,18858,GMT+8
ticks,1499432435873000000,i1709,4805,4810,420,4805,296,68,18926,GMT+8
ticks,1499432436364000000,i1709,4805,4810,420,4805,360,64,18990,GMT+8
ticks,1499432436859000000,i1709,4805,4810,501,4805,381,22,19012,GMT+8
ticks,1499432437364000000,i1709,4805,4810,500,4805,391,14,19026,GMT+8
ticks,1499432437872000000,i1709,4810,4815,654,4810,15,1014,20040,GMT+8
ticks,1499432438350000000,i1709,4810,4815,653,4810,89,42,20082,GMT+8
ticks,1499432438806000000,i1709,4810,4815,653,4810,103,4,20086,GMT+8
ticks,1499432439369000000,i1709,4810,4815,677,4810,33,210,20296,GMT+8
ticks,1499432439864000000,i1709,4805,4810,102,4805,519,78,20374,GMT+8
ticks,1499432440370000000,i1709,4810,4810,221,4805,511,68,20442,GMT+8
ticks,1499432440863000000,i1709,4810,4810,253,4805,512,40,20482,GMT+8
ticks,1499432441362000000,i1709,4810,4810,237,4805,636,20,20502,GMT+8
ticks,1499432441800000000,i1709,4810,4810,239,4805,636,2,20504,GMT+8
ticks,1499432442371000000,i1709,4810,4810,263,4805,621,42,20546,GMT+8
ticks,1499432442872000000,i1709,4810,4810,262,4805,619,6,20552,GMT+8
ticks,1499432443366000000,i1709,4810,4810,249,4805,624,28,20580,GMT+8
ticks,1499432443862000000,i1709,4810,4810,351,4805,680,10,20590,GMT+8
ticks,1499432444339000000,i1709,4810,4810,349,4805,651,16,20606,GMT+8
ticks,1499432444866000000,i1709,4810,4810,369,4805,653,2,20608,GMT+8
ticks,1499432445363000000,i1709,4805,4810,383,4805,647,48,20656,GMT+8
ticks,1499432445821000000,i1709,4810,4810,379,4805,648,104,20760,GMT+8
ticks,1499432446360000000,i1709,4810,4810,322,4805,681,122,20882,GMT+8
ticks,1499432446848000000,i1709,4810,4810,357,4805,681,12,20894,GMT+8
ticks,1499432447369000000,i1709,4805,4810,348,4805,681,30,20924,GMT+8
ticks,1499432447832000000,i1709,4805,4810,316,4805,681,90,21014,GMT+8
ticks,1499432448336000000,i1709,4805,4810,291,4805,664,90,21104,GMT+8
ticks,1499432448863000000,i1709,4810,4815,706,4810,221,592,21696,GMT+8
ticks,1499432449370000000,i1709,4810,4815,693,4810,296,50,21746,GMT+8
ticks,1499432449792000000,i1709,4810,4815,694,4810,332,8,21754,GMT+8
ticks,1499432450340000000,i1709,4810,4815,695,4810,360,14,21768,GMT+8
ticks,1499432450867000000,i1709,4815,4815,694,4810,388,18,21786,GMT+8
ticks,1499432451253000000,i1709,4810,4815,693,4810,340,114,21900,GMT+8
ticks,1499432451872000000,i1709,4810,4815,693,4810,386,26,21926,GMT+8
ticks,1499432452341000000,i1709,4810,4815,693,4810,354,6,21932,GMT+8
ticks,1499432452872000000,i1709,4815,4815,691,4810,357,4,21936,GMT+8
ticks,1499432453363000000,i1709,4810,4815,691,4810,357,2,21938,GMT+8
ticks,1499432453838000000,i1709,4810,4815,695,4810,362,12,21950,GMT+8
ticks,1499432454359000000,i1709,4810,4815,606,4810,519,40,21990,GMT+8
ticks,1499432454862000000,i1709,4810,4815,614,4810,512,38,22028,GMT+8
ticks,1499432455325000000,i1709,4815,4815,612,4810,512,18,22046,GMT+8
ticks,1499432455868000000,i1709,4815,4815,616,4810,516,0,22046,GMT+8
ticks,1499432456333000000,i1709,4810,4815,616,4810,509,14,22060,GMT+8
ticks,1499432456787000000,i1709,4810,4815,622,4810,509,2,22062,GMT+8
ticks,1499432457357000000,i1709,4815,4815,621,4810,507,6,22068,GMT+8
ticks,1499432457865000000,i1709,4815,4815,457,4810,497,434,22502,GMT+8
ticks,1499432458364000000,i1709,4815,4815,232,4810,494,462,22964,GMT+8
ticks,1499432458866000000,i1709,4815,4815,214,4810,496,80,23044,GMT+8
ticks,1499432459362000000,i1709,4815,4815,103,4810,513,222,23266,GMT+8
ticks,1499432459863000000,i1709,4815,4815,97,4810,517,20,23286,GMT+8
ticks,1499432460362000000,i1709,4810,4815,117,4810,517,16,23302,GMT+8
ticks,1499432460871000000,i1709,4815,4815,114,4810,516,52,23354,GMT+8
ticks,1499432461346000000,i1709,4815,4815,145,4810,516,36,23390,GMT+8
ticks,1499432461873000000,i1709,4815,4820,895,4815,56,428,23818,GMT+8
ticks,1499432462365000000,i1709,4815,4820,874,4815,297,138,23956,GMT+8
ticks,1499432462868000000,i1709,4815,4820,886,4815,487,22,23978,GMT+8
ticks,1499432463271000000,i1709,4815,4820,885,4815,482,28,24006,GMT+8
ticks,1499432463862000000,i1709,4820,4820,872,4815,482,10,24016,GMT+8
ticks,1499432464329000000,i1709,4815,4820,791,4815,480,58,24074,GMT+8
ticks,1499432464863000000,i1709,4820,4820,788,4815,492,24,24098,GMT+8
ticks,1499432465349000000,i1709,4820,4820,785,4815,492,6,24104,GMT+8
ticks,1499432465865000000,i1709,4820,4820,275,4815,540,1008,25112,GMT+8
ticks,1499432466363000000,i1709,4820,4820,262,4815,550,46,25158,GMT+8
ticks,1499432466846000000,i1709,4820,4820,267,4815,554,32,25190,GMT+8
ticks,1499432467351000000,i1709,4820,4820,253,4815,569,14,25204,GMT+8
ticks,1499432467865000000,i1709,4820,4820,252,4815,570,108,25312,GMT+8
ticks,1499432468318000000,i1709,4820,4820,214,4815,571,90,25402,GMT+8
ticks,1499432468873000000,i1709,4815,4820,204,4815,570,116,25518,GMT+8
ticks,1499432469346000000,i1709,4820,4820,184,4815,566,22,25540,GMT+8
ticks,1499432469802000000,i1709,4820,4820,177,4815,563,14,25554,GMT+8
ticks,1499432470367000000,i1709,4820,4825,990,4820,203,414,25968,GMT+8
ticks,1499432470851000000,i1709,4820,4825,1011,4820,439,72,26040,GMT+8
ticks,1499432471369000000,i1709,4820,4825,1012,4820,501,92,26132,GMT+8
ticks,1499432471866000000,i1709,4820,4825,1002,4820,485,34,26166,GMT+8
ticks,1499432472346000000,i1709,4825,4825,1005,4820,484,20,26186,GMT+8
ticks,1499432472871000000,i1709,4820,4825,994,4820,479,24,26210,GMT+8
ticks,1499432473351000000,i1709,4820,4825,994,4820,477,18,26228,GMT+8
ticks,1499432473853000000,i1709,4820,4825,996,4820,468,34,26262,GMT+8
ticks,1499432474372000000,i1709,4820,4825,975,4820,468,58,26320,GMT+8
ticks,1499432474865000000,i1709,4825,4825,955,4820,484,46,26366,GMT+8
ticks,1499432475373000000,i1709,4825,4825,947,4820,611,50,26416,GMT+8
ticks,1499432475870000000,i1709,4825,4825,941,4820,631,18,26434,GMT+8
ticks,1499432476365000000,i1709,4810,4815,242,4810,849,2488,28922,GMT+8
ticks,1499432476870000000,i1709,4810,4815,303,4810,782,40,28962,GMT+8
ticks,1499432477366000000,i1709,4815,4815,274,4810,824,136,29098,GMT+8
ticks,1499432477853000000,i1709,4815,4815,273,4810,837,22,29120,GMT+8
ticks,1499432478368000000,i1709,4815,4820,779,4815,97,528,29648,GMT+8
ticks,1499432478864000000,i1709,4820,4820,735,4815,227,88,29736,GMT+8
ticks,1499432479362000000,i1709,4820,4820,778,4815,350,18,29754,GMT+8
ticks,1499432479793000000,i1709,4820,4820,805,4815,389,2,29756,GMT+8
ticks,1499432480362000000,i1709,4815,4820,847,4815,377,2,29758,GMT+8
ticks,1499432480846000000,i1709,4820,4820,845,4815,401,6,29764,GMT+8
ticks,1499432481373000000,i1709,4815,4820,845,4815,402,22,29786,GMT+8
ticks,1499432481862000000,i1709,4815,4820,701,4815,526,304,30090,GMT+8
ticks,1499432482373000000,i1709,4820,4820,700,4815,623,14,30104,GMT+8
ticks,1499432482858000000,i1709,4815,4820,791,4815,623,2,30106,GMT+8
ticks,1499432483362000000,i1709,4815,4820,849,4815,624,8,30114,GMT+8
ticks,1499432483862000000,i1709,4815,4820,867,4815,596,48,30162,GMT+8
ticks,1499432484370000000,i1709,4820,4820,712,4815,626,66,30228,GMT+8
ticks,1499432484873000000,i1709,4815,4820,768,4815,619,14,30242,GMT+8
ticks,1499432485268000000,i1709,4820,4820,771,4815,617,8,30250,GMT+8
ticks,1499432485863000000,i1709,4820,4820,720,4815,620,116,30366,GMT+8
ticks,1499432486371000000,i1709,4815,4820,721,4815,469,304,30670,GMT+8
ticks,1499432486815000000,i1709,4820,4820,694,4815,509,102,30772,GMT+8
ticks,1499432487366000000,i1709,4815,4820,695,4815,595,14,30786,GMT+8
ticks,1499432487805000000,i1709,4820,4820,669,4815,593,58,30844,GMT+8
ticks,1499432488354000000,i1709,4815,4820,665,4815,589,18,30862,GMT+8
ticks,1499432488872000000,i1709,4815,4820,637,4815,591,38,30900,GMT+8
ticks,1499432489349000000,i1709,4815,4820,639,4815,595,16,30916,GMT+8
ticks,1499432489863000000,i1709,4820,4820,679,4815,506,6,30922,GMT+8
ticks,1499432490370000000,i1709,4815,4820,796,4815,523,12,30934,GMT+8
ticks,1499432490855000000,i1709,4815,4820,798,4815,523,0,30934,GMT+8
ticks,1499432491323000000,i1709,4820,4820,794,4815,523,8,30942,GMT+8
ticks,1499432491864000000,i1709,4820,4820,794,4815,525,2,30944,GMT+8
ticks,1499432492340000000,i1709,4815,4820,798,4815,531,2,30946,GMT+8
ticks,1499432492847000000,i1709,4815,4820,797,4815,505,52,30998,GMT+8
ticks,1499432493372000000,i1709,4815,4820,764,4815,540,132,31130,GMT+8
ticks,1499432493808000000,i1709,4815,4820,765,4815,540,6,31136,GMT+8
ticks,1499432494362000000,i1709,4820,4820,781,4815,498,26,31162,GMT+8
ticks,1499432494873000000,i1709,4815,4820,785,4815,500,44,31206,GMT+8
ticks,1499432495345000000,i1709,4815,4820,786,4815,481,48,31254,GMT+8
ticks,1499432495806000000,i1709,4815,4820,791,4815,483,46,31300,GMT+8
ticks,1499432496366000000,i1709,4815,4820,806,4815,387,16,31316,GMT+8
ticks,1499432496856000000,i1709,4815,4820,791,4815,322,160,31476,GMT+8
ticks,1499432497368000000,i1709,4815,4820,802,4815,60,506,31982,GMT+8
ticks,1499432497873000000,i1709,4815,4815,800,4810,1449,132,32114,GMT+8
ticks,1499432498363000000,i1709,4815,4815,929,4810,1548,2,32116,GMT+8
ticks,1499432498872000000,i1709,4810,4815,929,4810,1543,28,32144,GMT+8
ticks,1499432499368000000,i1709,4810,4815,822,4810,1642,326,32470,GMT+8
ticks,1499432499845000000,i1709,4815,4815,822,4810,1641,4,32474,GMT+8
ticks,1499432500364000000,i1709,4810,4815,823,4810,1728,8,32482,GMT+8
ticks,1499432500862000000,i1709,4815,4815,825,4810,1728,2,32484,GMT+8
ticks,1499432501356000000,i1709,4815,4815,814,4810,1726,22,32506,GMT+8
ticks,1499432501858000000,i1709,4810,4815,812,4810,1738,16,32522,GMT+8
ticks,1499432502362000000,i1709,4815,4815,774,4810,1724,118,32640,GMT+8
ticks,1499432502869000000,i1709,4815,4815,773,4810,1727,2,32642,GMT+8
ticks,1499432503366000000,i1709,4810,4815,782,4810,1729,2,32644,GMT+8
ticks,1499432503873000000,i1709,4810,4815,785,4810,1740,6,32650,GMT+8
ticks,1499432504363000000,i1709,4810,4815,790,4810,1747,10,32660,GMT+8
ticks,1499432504812000000,i1709,4810,4815,794,4810,1743,10,32670,GMT+8
ticks,1499432505351000000,i1709,4810,4815,789,4810,1741,4,32674,GMT+8
ticks,1499432505862000000,i1709,4810,4815,789,4810,1733,40,32714,GMT+8
ticks,1499432506366000000,i1709,4815,4815,789,4810,1734,6,32720,GMT+8
ticks,1499432506872000000,i1709,4810,4815,755,4810,1732,66,32786,GMT+8
ticks,1499432507373000000,i1709,4810,4815,754,4810,1731,4,32790,GMT+8
ticks,1499432507870000000,i1709,4810,4815,765,4810,1720,24,32814,GMT+8
ticks,1499432508354000000,i1709,4810,4815,765,4810,1723,0,32814,GMT+8
ticks,1499432508872000000,i1709,4810,4815,766,4810,1721,4,32818,GMT+8
ticks,1499432509344000000,i1709,4810,4815,772,4810,1719,2,32820,GMT+8
ticks,1499432509857000000,i1709,4810,4815,771,4810,1664,114,32934,GMT+8
ticks,1499432510332000000,i1709,4810,4815,771,4810,1712,2,32936,GMT+8
ticks,1499432510871000000,i1709,4815,4815,761,4810,1706,18,32954,GMT+8
ticks,1499432511362000000,i1709,4810,4815,764,4810,1645,20,32974,GMT+8
ticks,1499432511869000000,i1709,4810,4815,777,4810,1619,52,33026,GMT+8
ticks,1499432512362000000,i1709,4810,4815,841,4810,1444,154,33180,GMT+8
ticks,1499432512859000000,i1709,4810,4815,801,4810,1439,26,33206,GMT+8
ticks,1499432513299000000,i1709,4815,4815,731,4810,1420,16,33222,GMT+8
ticks,1499432513864000000,i1709,4815,4815,715,4810,1008,22,33244,GMT+8
ticks,1499432514298000000,i1709,4810,4815,717,4810,1007,22,33266,GMT+8
ticks,1499432514845000000,i1709,4815,4815,763,4810,957,110,33376,GMT+8
ticks,1499432515364000000,i1709,4810,4815,763,4810,783,328,33704,GMT+8
ticks,1499432515831000000,i1709,4810,4815,756,4810,753,26,33730,GMT+8
ticks,1499432516356000000,i1709,4810,4815,778,4810,616,278,34008,GMT+8
ticks,1499432516850000000,i1709,4810,4815,804,4810,447,324,34332,GMT+8
ticks,1499432517365000000,i1709,4810,4810,529,4805,762,894,35226,GMT+8
ticks,1499432517854000000,i1709,4805,4810,701,4805,740,4,35230,GMT+8
ticks,1499432518274000000,i1709,4805,4810,628,4805,721,20,35250,GMT+8
ticks,1499432518856000000,i1709,4810,4810,626,4805,823,4,35254,GMT+8
ticks,1499432519352000000,i1709,4805,4810,602,4805,817,6,35260,GMT+8
ticks,1499432519855000000,i1709,4805,4810,755,4805,797,78,35338,GMT+8
ticks,1499432520364000000,i1709,4810,4810,743,4805,797,30,35368,GMT+8
ticks,1499432520864000000,i1709,4805,4810,742,4805,700,16,35384,GMT+8
ticks,1499432521357000000,i1709,4805,4810,673,4805,712,1114,36498,GMT+8
ticks,1499432521873000000,i1709,4805,4810,684,4805,695,40,36538,GMT+8
ticks,1499432522357000000,i1709,4810,4810,603,4805,602,232,36770,GMT+8
ticks,1499432522827000000,i1709,4810,4810,634,4805,592,24,36794,GMT+8
ticks,1499432523358000000,i1709,4805,4810,620,4805,633,22,36816,GMT+8
ticks,1499432523864000000,i1709,4805,4810,633,4805,571,128,36944,GMT+8
ticks,1499432524346000000,i1709,4805,4810,631,4805,565,58,37002,GMT+8
ticks,1499432524868000000,i1709,4810,4810,641,4805,572,32,37034,GMT+8
ticks,1499432525365000000,i1709,4810,4810,625,4805,572,46,37080,GMT+8
ticks,1499432525850000000,i1709,4805,4810,629,4805,577,2,37082,GMT+8
ticks,1499432526369000000,i1709,4805,4810,636,4805,577,14,37096,GMT+8
ticks,1499432526825000000,i1709,4805,4810,636,4805,565,24,37120,GMT+8
ticks,1499432527316000000,i1709,4805,4810,636,4805,565,2,37122,GMT+8
ticks,1499432527866000000,i1709,4805,4810,736,4805,610,8,37130,GMT+8
ticks,1499432528347000000,i1709,4805,4810,746,4805,610,8,37138,GMT+8
ticks,1499432528844000000,i1709,4805,4810,741,4805,619,32,37170,GMT+8
ticks,1499432529337000000,i1709,4810,4810,731,4805,649,26,37196,GMT+8
ticks,1499432529870000000,i1709,4805,4810,721,4805,667,30,37226,GMT+8
ticks,1499432530311000000,i1709,4810,4810,715,4805,667,16,37242,GMT+8
ticks,1499432530873000000,i1709,4810,4810,684,4805,661,78,37320,GMT+8
ticks,1499432531371000000,i1709,4805,4810,691,4805,665,2,37322,GMT+8
ticks,1499432531863000000,i1709,4810,4810,681,4805,780,22,37344,GMT+8
ticks,1499432532373000000,i1709,4810,4810,676,4805,777,22,37366,GMT+8
ticks,1499432532854000000,i1709,4805,4810,682,4805,829,12,37378,GMT+8
ticks,1499432533365000000,i1709,4805,4810,712,4805,787,4,37382,GMT+8
ticks,1499432533861000000,i1709,4805,4810,716,4805,784,16,37398,GMT+8
ticks,1499432534283000000,i1709,4805,4810,708,4805,783,18,37416,GMT+8
ticks,1499432534872000000,i1709,4810,4810,701,4805,779,28,37444,GMT+8
ticks,1499432535350000000,i1709,4805,4810,745,4805,746,78,37522,GMT+8
ticks,1499432535820000000,i1709,4805,4810,748,4805,747,18,37540,GMT+8
ticks,1499432536359000000,i1709,4810,4810,749,4805,760,8,37548,GMT+8
ticks,1499432536860000000,i1709,4805,4810,746,4805,762,8,37556,GMT+8
ticks,1499432537365000000,i1709,4810,4810,748,4805,765,4,37560,GMT+8
ticks,1499432537834000000,i1709,4810,4810,747,4805,766,24,37584,GMT+8
ticks,1499432538305000000,i1709,4805,4810,756,4805,774,12,37596,GMT+8
ticks,1499432538859000000,i1709,4805,4810,746,4805,761,48,37644,GMT+8
ticks,1499432539336000000,i1709,4805,4810,741,4805,736,62,37706,GMT+8
ticks,1499432539793000000,i1709,4810,4810,745,4805,756,6,37712,GMT+8
ticks,1499432540362000000,i1709,4805,4810,747,4805,753,6,37718,GMT+8
ticks,1499432540853000000,i1709,4810,4810,748,4805,755,2,37720,GMT+8
ticks,1499432541370000000,i1709,4810,4810,744,4805,757,14,37734,GMT+8
ticks,1499432541799000000,i1709,4805,4810,741,4805,755,20,37754,GMT+8
ticks,1499432542339000000,i1709,4805,4810,739,4805,750,28,37782,GMT+8
ticks,1499432542854000000,i1709,4810,4810,741,4805,753,4,37786,GMT+8
ticks,1499432543362000000,i1709,4810,4810,553,4805,752,412,38198,GMT+8
ticks,1499432543862000000,i1709,4805,4810,513,4805,755,92,38290,GMT+8
ticks,1499432544354000000,i1709,4810,4810,504,4805,753,26,38316,GMT+8
ticks,1499432544872000000,i1709,4805,4810,504,4805,736,18,38334,GMT+8
ticks,1499432545366000000,i1709,4805,4810,514,4805,380,708,39042,GMT+8
ticks,1499432545860000000,i1709,4805,4810,515,4805,375,30,39072,GMT+8
ticks,1499432546366000000,i1709,4805,4810,545,4805,337,64,39136,GMT+8
ticks,1499432546866000000,i1709,4805,4810,536,4805,348,20,39156,GMT+8
ticks,1499432547362000000,i1709,4810,4810,578,4805,390,20,39176,GMT+8
ticks,1499432547849000000,i1709,4805,4810,576,4805,387,14,39190,GMT+8
ticks,1499432548358000000,i1709,4810,4810,577,4805,327,38,39228,GMT+8
ticks,1499432548822000000,i1709,4810,4810,575,4805,324,8,39236,GMT+8
ticks,1499432549330000000,i1709,4805,4810,599,4805,325,4,39240,GMT+8
ticks,1499432549863000000,i1709,4805,4810,619,4805,256,126,39366,GMT+8
ticks,1499432550364000000,i1709,4810,4810,606,4805,262,38,39404,GMT+8
ticks,1499432550863000000,i1709,4805,4810,610,4805,167,170,39574,GMT+8
ticks,1499432551364000000,i1709,4805,4810,566,4805,213,28,39602,GMT+8
ticks,1499432551868000000,i1709,4810,4810,565,4805,215,4,39606,GMT+8
ticks,1499432552370000000,i1709,4805,4810,567,4805,388,64,39670,GMT+8
ticks,1499432552836000000,i1709,4805,4810,576,4805,386,8,39678,GMT+8
ticks,1499432553250000000,i1709,4810,4810,572,4805,383,18,39696,GMT+8
ticks,1499432553860000000,i1709,4805,4810,570,4805,428,18,39714,GMT+8
ticks,1499432554361000000,i1709,4805,4810,572,4805,422,14,39728,GMT+8
ticks,1499432554852000000,i1709,4805,4810,572,4805,431,6,39734,GMT+8
ticks,1499432555364000000,i1709,4805,4805,38,4800,1105,868,40602,GMT+8
ticks,1499432555870000000,i1709,4805,4810,580,4805,83,124,40726,GMT+8
ticks,1499432556351000000,i1709,4810,4810,578,4805,45,94,40820,GMT+8
ticks,1499432556869000000,i1709,4805,4810,777,4805,62,40,40860,GMT+8
ticks,1499432557374000000,i1709,4805,4810,797,4805,37,50,40910,GMT+8
ticks,1499432557866000000,i1709,4810,4810,735,4800,1218,246,41156,GMT+8
ticks,1499432558367000000,i1709,4805,4805,2,4800,1227,54,41210,GMT+8
ticks,1499432558862000000,i1709,4805,4805,9,4800,1264,4,41214,GMT+8
ticks,1499432559366000000,i1709,4810,4810,768,4805,84,76,41290,GMT+8
ticks,1499432559874000000,i1709,4805,4810,763,4805,85,80,41370,GMT+8
ticks,1499432560330000000,i1709,4805,4810,775,4805,79,16,41386,GMT+8
ticks,1499432560868000000,i1709,4805,4810,765,4805,79,26,41412,GMT+8
ticks,1499432561362000000,i1709,4805,4810,768,4805,21,124,41536,GMT+8
ticks,1499432561863000000,i1709,4805,4805,1,4800,1296,66,41602,GMT+8
ticks,1499432562362000000,i1709,4805,4805,100,4800,1297,46,41648,GMT+8
ticks,1499432562864000000,i1709,4805,4805,100,4800,1278,22,41670,GMT+8
ticks,1499432563368000000,i1709,4805,4805,89,4800,1344,30,41700,GMT+8
ticks,1499432563862000000,i1709,4800,4805,131,4800,1361,8,41708,GMT+8
ticks,1499432564364000000,i1709,4805,4810,763,4805,152,298,42006,GMT+8
ticks,1499432564861000000,i1709,4805,4810,748,4805,241,98,42104,GMT+8
ticks,1499432565363000000,i1709,4805,4810,710,4805,250,94,42198,GMT+8
ticks,1499432565867000000,i1709,4805,4810,710,4805,269,18,42216,GMT+8
ticks,1499432566362000000,i1709,4805,4810,709,4805,373,22,42238,GMT+8
ticks,1499432566861000000,i1709,4805,4810,710,4805,362,26,42264,GMT+8
ticks,1499432567344000000,i1709,4810,4810,741,4805,354,22,42286,GMT+8
ticks,1499432567786000000,i1709,4810,4810,740,4805,361,6,42292,GMT+8
ticks,1499432568326000000,i1709,4805,4810,742,4805,370,6,42298,GMT+8
ticks,1499432568855000000,i1709,4805,4810,728,4805,391,34,42332,GMT+8
ticks,1499432569362000000,i1709,4805,4810,749,4805,416,20,42352,GMT+8
ticks,1499432569862000000,i1709,4810,4810,759,4805,600,32,42384,GMT+8
ticks,1499432570374000000,i1709,4805,4810,781,4805,628,6,42390,GMT+8
ticks,1499432570854000000,i1709,4810,4810,781,4805,682,4,42394,GMT+8
ticks,1499432571365000000,i1709,4805,4810,782,4805,730,12,42406,GMT+8
ticks,1499432571864000000,i1709,4810,4815,854,4810,688,1628,44034,GMT+8
ticks,1499432572362000000,i1709,4810,4815,854,4810,727,34,44068,GMT+8
ticks,1499432572800000000,i1709,4810,4815,854,4810,786,4,44072,GMT+8
ticks,1499432573311000000,i1709,4810,4815,855,4810,845,14,44086,GMT+8
ticks,1499432573861000000,i1709,4810,4815,807,4810,831,20,44106,GMT+8
ticks,1499432574371000000,i1709,4815,4815,803,4810,854,18,44124,GMT+8
ticks,1499432574866000000,i1709,4810,4815,797,4810,841,30,44154,GMT+8
ticks,1499432575362000000,i1709,4810,4815,797,4810,833,8,44162,GMT+8
ticks,1499432575867000000,i1709,4810,4815,798,4810,794,12,44174,GMT+8
ticks,1499432576368000000,i1709,4810,4815,799,4810,793,2,44176,GMT+8
ticks,1499432576825000000,i1709,4815,4815,797,4810,791,6,44182,GMT+8
ticks,1499432577309000000,i1709,4810,4815,797,4810,787,6,44188,GMT+8
ticks,1499432577831000000,i1709,4810,4815,796,4810,785,4,44192,GMT+8
ticks,1499432578231000000,i1709,4810,4815,795,4810,782,6,44198,GMT+8
ticks,1499432578840000000,i1709,4810,4815,796,4810,771,22,44220,GMT+8
ticks,1499432579370000000,i1709,4810,4815,800,4810,734,4,44224,GMT+8
ticks,1499432579832000000,i1709,4810,4815,797,4810,732,24,44248,GMT+8
ticks,1499432580373000000,i1709,4815,4815,794,4810,731,26,44274,GMT+8
ticks,1499432580853000000,i1709,4810,4815,791,4810,721,26,44300,GMT+8
ticks,1499432581333000000,i1709,4815,4815,924,4810,724,44,44344,GMT+8
ticks,1499432581781000000,i1709,4815,4815,901,4810,866,28,44372,GMT+8
ticks,1499432582349000000,i1709,4815,4815,900,4810,866,4,44376,GMT+8
ticks,1499432582870000000,i1709,4815,4815,910,4810,875,4,44380,GMT+8
ticks,1499432583373000000,i1709,4815,4815,898,4810,863,58,44438,GMT+8
ticks,1499432583833000000,i1709,4810,4815,897,4810,855,18,44456,GMT+8
ticks,1499432584365000000,i1709,4810,4815,897,4810,855,2,44458,GMT+8
ticks,1499432584800000000,i1709,4810,4815,886,4810,853,34,44492,GMT+8
ticks,1499432585357000000,i1709,4815,4815,886,4810,859,4,44496,GMT+8
ticks,1499432585873000000,i1709,4810,4815,877,4810,798,124,44620,GMT+8
ticks,1499432586373000000,i1709,4815,4815,876,4810,799,24,44644,GMT+8
ticks,1499432586839000000,i1709,4815,4815,873,4810,826,12,44656,GMT+8
ticks,1499432587235000000,i1709,4815,4815,872,4810,826,2,44658,GMT+8
ticks,1499432587798000000,i1709,4815,4815,853,4810,826,44,44702,GMT+8
ticks,1499432588363000000,i1709,4810,4815,852,4810,842,8,44710,GMT+8
ticks,1499432588863000000,i1709,4815,4815,835,4810,886,32,44742,GMT+8
ticks,1499432589374000000,i1709,4815,4815,841,4810,884,18,44760,GMT+8
ticks,1499432589871000000,i1709,4810,4815,841,4810,886,6,44766,GMT+8
ticks,1499432590282000000,i1709,4810,4815,772,4810,883,30,44796,GMT+8
ticks,1499432590870000000,i1709,4815,4815,770,4810,862,6,44802,GMT+8
ticks,1499432591325000000,i1709,4815,4815,770,4810,869,4,44806,GMT+8
ticks,1499432591874000000,i1709,4810,4815,768,4810,860,10,44816,GMT+8
ticks,1499432592363000000,i1709,4810,4815,769,4810,849,10,44826,GMT+8
ticks,1499432592863000000,i1709,4815,4815,777,4810,849,4,44830,GMT+8
ticks,1499432593368000000,i1709,4815,4815,731,4810,854,104,44934,GMT+8
ticks,1499432593838000000,i1709,4810,4815,729,4810,854,14,44948,GMT+8
ticks,1499432594287000000,i1709,4815,4815,724,4810,854,10,44958,GMT+8
ticks,1499432594871000000,i1709,4815,4815,724,4810,854,2,44960,GMT+8
ticks,1499432595365000000,i1709,4815,4815,722,4810,847,6,44966,GMT+8
ticks,1499432595859000000,i1709,4815,4815,668,4810,847,110,45076,GMT+8
ticks,1499432596351000000,i1709,4815,4815,664,4810,832,14,45090,GMT+8
ticks,1499432596853000000,i1709,4810,4815,668,4810,792,82,45172,GMT+8
ticks,1499432597371000000,i1709,4805,4810,591,4805,843,2058,47230,GMT+8
ticks,1499432597865000000,i1709,4810,4810,749,4805,813,6,47236,GMT+8
ticks,1499432598301000000,i1709,4810,4810,745,4805,813,8,47244,GMT+8
ticks,1499432598833000000,i1709,4810,4810,754,4805,813,20,47264,GMT+8
ticks,1499432599362000000,i1709,4810,4810,752,4805,813,4,47268,GMT+8
ticks,1499432599868000000,i1709,4810,4810,744,4805,821,18,47286,GMT+8
ticks,1499432600371000000,i1709,4805,4810,745,4805,614,6,47292,GMT+8
ticks,1499432600863000000,i1709,4810,4810,756,4805,551,8,47300,GMT+8
ticks,1499432601369000000,i1709,4810,4810,812,4805,605,8,47308,GMT+8
ticks,1499432601825000000,i1709,4810,4810,610,4805,604,410,47718,GMT+8
ticks,1499432602310000000,i1709,4810,4810,608,4805,700,8,47726,GMT+8
ticks,1499432602866000000,i1709,4810,4810,593,4805,721,32,47758,GMT+8
ticks,1499432603356000000,i1709,4805,4810,605,4805,719,4,47762,GMT+8
ticks,1499432603868000000,i1709,4805,4810,603,4805,706,28,47790,GMT+8
ticks,1499432604361000000,i1709,4805,4810,613,4805,800,12,47802,GMT+8
ticks,1499432604869000000,i1709,4810,4810,612,4805,803,6,47808,GMT+8
ticks,1499432605271000000,i1709,4805,4810,599,4805,762,82,47890,GMT+8
ticks,1499432605863000000,i1709,4805,4810,949,4805,741,60,47950,GMT+8
ticks,1499432606372000000,i1709,4805,4810,952,4805,739,2,47952,GMT+8
ticks,1499432606849000000,i1709,4805,4810,953,4805,738,12,47964,GMT+8
ticks,1499432607343000000,i1709,4805,4810,956,4805,709,66,48030,GMT+8
ticks,1499432607826000000,i1709,4810,4810,967,4805,719,40,48070,GMT+8
ticks,1499432608374000000,i1709,4810,4810,967,4805,728,4,48074,GMT+8
ticks,1499432608769000000,i1709,4805,4810,967,4805,732,2,48076,GMT+8
ticks,1499432609366000000,i1709,4805,4810,969,4805,831,8,48084,GMT+8
ticks,1499432609870000000,i1709,4805,4810,1061,4805,854,16,48100,GMT+8
ticks,1499432610347000000,i1709,4810,4810,1063,4805,860,6,48106,GMT+8
ticks,1499432610867000000,i1709,4805,4810,1062,4805,659,208,48314,GMT+8
ticks,1499432611362000000,i1709,4805,4810,1083,4805,653,12,48326,GMT+8
ticks,1499432611872000000,i1709,4805,4810,1087,4805,627,54,48380,GMT+8
ticks,1499432612371000000,i1709,4805,4810,1093,4805,626,16,48396,GMT+8
ticks,1499432612862000000,i1709,4805,4810,1099,4805,299,246,48642,GMT+8
ticks,1499432613373000000,i1709,4805,4805,57,4800,1331,552,49194,GMT+8
ticks,1499432613865000000,i1709,4805,4805,229,4800,1395,44,49238,GMT+8
ticks,1499432614372000000,i1709,4805,4805,247,4800,1396,24,49262,GMT+8
ticks,1499432614830000000,i1709,4800,4805,246,4800,1372,6,49268,GMT+8
ticks,1499432615286000000,i1709,4805,4805,254,4800,1372,8,49276,GMT+8
ticks,1499432615872000000,i1709,4805,4805,260,4800,1373,2,49278,GMT+8
ticks,1499432616230000000,i1709,4805,4805,255,4800,1373,12,49290,GMT+8
ticks,1499432616862000000,i1709,4800,4805,249,4800,1365,30,49320,GMT+8
ticks,1499432617372000000,i1709,4805,4810,1189,4805,136,512,49832,GMT+8
ticks,1499432617862000000,i1709,4805,4810,1167,4805,200,32,49864,GMT+8
ticks,1499432618326000000,i1709,4805,4810,1167,4805,208,8,49872,GMT+8
ticks,1499432618864000000,i1709,4805,4810,1157,4805,460,36,49908,GMT+8
ticks,1499432619363000000,i1709,4805,4810,1155,4805,460,8,49916,GMT+8
ticks,1499432619813000000,i1709,4805,4810,1155,4805,533,30,49946,GMT+8
ticks,1499432620358000000,i1709,4805,4810,1154,4805,518,12,49958,GMT+8
ticks,1499432620854000000,i1709,4805,4810,1153,4805,499,60,50018,GMT+8
ticks,1499432621362000000,i1709,4805,4810,1153,4805,333,338,50356,GMT+8
ticks,1499432621871000000,i1709,4805,4810,1305,4805,340,8,50364,GMT+8
ticks,1499432622365000000,i1709,4805,4810,1305,4805,504,116,50480,GMT+8
ticks,1499432622863000000,i1709,4805,4810,1303,4805,448,98,50578,GMT+8
ticks,1499432623302000000,i1709,4805,4810,1305,4805,494,50,50628,GMT+8
ticks,1499432623874000000,i1709,4805,4810,1295,4805,490,48,50676,GMT+8
ticks,1499432624310000000,i1709,4805,4810,1295,4805,434,112,50788,GMT+8
ticks,1499432624838000000,i1709,4810,4810,1304,4805,424,30,50818,GMT+8
ticks,1499432625366000000,i1709,4805,4810,1303,4805,423,6,50824,GMT+8
ticks,1499432625753000000,i1709,4805,4810,1317,4805,424,0,50824,GMT+8
ticks,1499432626373000000,i1709,4805,4810,1321,4805,435,2,50826,GMT+8
ticks,1499432626821000000,i1709,4805,4810,1321,4805,381,116,50942,GMT+8
ticks,1499432627364000000,i1709,4805,4810,1316,4805,426,116,51058,GMT+8
ticks,1499432627842000000,i1709,4805,4810,1315,4805,419,16,51074,GMT+8
ticks,1499432628317000000,i1709,4805,4810,1317,4805,369,106,51180,GMT+8
ticks,1499432628820000000,i1709,4810,4810,1320,4805,365,16,51196,GMT+8
ticks,1499432629357000000,i1709,4805,4810,1321,4805,357,16,51212,GMT+8
ticks,1499432629871000000,i1709,4805,4810,1321,4805,395,28,51240,GMT+8
ticks,1499432630375000000,i1709,4805,4810,1324,4805,451,6,51246,GMT+8
ticks,1499432630866000000,i1709,4805,4810,1324,4805,481,12,51258,GMT+8
ticks,1499432631367000000,i1709,4810,4810,1124,4805,605,34,51292,GMT+8
ticks,1499432631738000000,i1709,4805,4810,1132,4805,625,10,51302,GMT+8
ticks,1499432632370000000,i1709,4805,4810,1093,4805,779,2,51304,GMT+8
ticks,1499432632809000000,i1709,4810,4810,1113,4805,775,30,51334,GMT+8
ticks,1499432633137000000,i1709,4805,4810,1114,4805,779,2,51336,GMT+8
ticks,1499432633843000000,i1709,4805,4810,1123,4805,779,6,51342,GMT+8
ticks,1499432634288000000,i1709,4810,4810,1122,4805,777,8,51350,GMT+8
ticks,1499432634863000000,i1709,4810,4810,1119,4805,778,4,51354,GMT+8
ticks,1499432635369000000,i1709,4805,4810,1144,4805,764,26,51380,GMT+8
ticks,1499432635812000000,i1709,4805,4810,1128,4805,829,46,51426,GMT+8
ticks,1499432636258000000,i1709,4805,4810,1125,4805,796,48,51474,GMT+8
ticks,1499432636686000000,i1709,4805,4810,1124,4805,795,8,51482,GMT+8
ticks,1499432637303000000,i1709,4810,4810,1132,4805,796,2,51484,GMT+8
ticks,1499432637862000000,i1709,4805,4810,1130,4805,745,106,51590,GMT+8
ticks,1499432638866000000,i1709,4805,4810,1130,4805,746,18,51608,GMT+8
ticks,1499432639345000000,i1709,4810,4810,1128,4805,746,6,51614,GMT+8
ticks,1499432639865000000,i1709,4810,4810,1022,4805,1052,160,51774,GMT+8
ticks,1499432640366000000,i1709,4810,4810,107,4805,1024,1544,53318,GMT+8
ticks,1499432640864000000,i1709,4810,4815,445,4810,817,570,53888,GMT+8
ticks,1499432641366000000,i1709,4810,4815,442,4810,936,56,53944,GMT+8
ticks,1499432641862000000,i1709,4810,4815,562,4810,786,12,53956,GMT+8
ticks,1499432642251000000,i1709,4810,4815,564,4810,785,0,53956,GMT+8
ticks,1499432642679000000,i1709,4815,4815,563,4810,787,2,53958,GMT+8
ticks,1499432643355000000,i1709,4810,4815,563,4810,775,20,53978,GMT+8
ticks,1499432643833000000,i1709,4810,4815,561,4810,769,8,53986,GMT+8
ticks,1499432644328000000,i1709,4810,4815,512,4810,767,104,54090,GMT+8
ticks,1499432644729000000,i1709,4810,4815,511,4810,767,4,54094,GMT+8
ticks,1499432645248000000,i1709,4810,4815,511,4810,763,12,54106,GMT+8
ticks,1499432645864000000,i1709,4810,4815,510,4810,762,2,54108,GMT+8
ticks,1499432646369000000,i1709,4810,4815,511,4810,757,12,54120,GMT+8
ticks,1499432646865000000,i1709,4810,4815,510,4810,756,4,54124,GMT+8
ticks,1499432647362000000,i1709,4810,4815,512,4810,752,10,54134,GMT+8
ticks,1499432647795000000,i1709,4815,4815,511,4810,728,28,54162,GMT+8
ticks,1499432648339000000,i1709,4815,4815,512,4810,743,0,54162,GMT+8
ticks,1499432648685000000,i1709,4810,4815,512,4810,745,2,54164,GMT+8
ticks,1499432649362000000,i1709,4815,4815,508,4810,746,18,54182,GMT+8
ticks,1499432649869000000,i1709,4810,4815,507,4810,744,12,54194,GMT+8
ticks,1499432650366000000,i1709,4815,4815,506,4810,690,4,54198,GMT+8
ticks,1499432650808000000,i1709,4810,4815,504,4810,687,14,54212,GMT+8
ticks,1499432651364000000,i1709,4815,4820,1216,4815,310,1008,55220,GMT+8
ticks,1499432651861000000,i1709,4815,4820,1133,4815,506,4,55224,GMT+8
ticks,1499432652362000000,i1709,4815,4820,1135,4815,491,122,55346,GMT+8
ticks,1499432652871000000,i1709,4815,4820,1130,4815,466,14,55360,GMT+8
ticks,1499432653311000000,i1709,4815,4820,1131,4815,464,4,55364,GMT+8
ticks,1499432653834000000,i1709,4815,4820,1129,4815,463,6,55370,GMT+8
ticks,1499432654237000000,i1709,4820,4820,1130,4815,462,4,55374,GMT+8
ticks,1499432654855000000,i1709,4815,4820,1125,4815,452,30,55404,GMT+8
ticks,1499432655367000000,i1709,4815,4820,1129,4815,428,12,55416,GMT+8
ticks,1499432655862000000,i1709,4815,4820,1122,4815,142,246,55662,GMT+8
ticks,1499432656298000000,i1709,4815,4815,97,4810,992,218,55880,GMT+8
ticks,1499432656869000000,i1709,4815,4815,247,4810,866,86,55966,GMT+8
ticks,1499432657375000000,i1709,4815,4815,305,4810,839,18,55984,GMT+8
ticks,1499432657874000000,i1709,4815,4815,63,4810,794,1048,57032,GMT+8
ticks,1499432658183000000,i1709,4815,4815,74,4810,797,0,57032,GMT+8
ticks,1499432658867000000,i1709,4815,4815,78,4810,807,8,57040,GMT+8
ticks,1499432659363000000,i1709,4810,4815,81,4810,793,26,57066,GMT+8
ticks,1499432659863000000,i1709,4810,4815,520,4810,777,2,57068,GMT+8
ticks,1499432660363000000,i1709,4815,4815,533,4810,774,10,57078,GMT+8
ticks,1499432660864000000,i1709,4815,4815,566,4810,590,8,57086,GMT+8
ticks,1499432661310000000,i1709,4815,4815,519,4810,586,100,57186,GMT+8
ticks,1499432661862000000,i1709,4815,4815,525,4810,586,28,57214,GMT+8
ticks,1499432662344000000,i1709,4815,4815,529,4810,591,4,57218,GMT+8
ticks,1499432662752000000,i1709,4815,4815,528,4810,591,2,57220,GMT+8
ticks,1499432663362000000,i1709,4815,4815,530,4810,593,20,57240,GMT+8
ticks,1499432663863000000,i1709,4815,4815,497,4810,877,64,57304,GMT+8
ticks,1499432664371000000,i1709,4815,4815,460,4810,928,0,57304,GMT+8
ticks,1499432664874000000,i1709,4810,4815,483,4810,909,68,57372,GMT+8
ticks,1499432665374000000,i1709,4815,4815,448,4810,779,128,57500,GMT+8
ticks,1499432665802000000,i1709,4810,4815,466,4810,774,8,57508,GMT+8
ticks,1499432666255000000,i1709,4815,4815,453,4810,776,26,57534,GMT+8
ticks,1499432666849000000,i1709,4815,4815,447,4810,779,22,57556,GMT+8
ticks,1499432667306000000,i1709,4810,4815,449,4810,777,6,57562,GMT+8
ticks,1499432667762000000,i1709,4815,4815,445,4810,778,10,57572,GMT+8
ticks,1499432668370000000,i1709,4815,4815,454,4810,772,6,57578,GMT+8
ticks,1499432668816000000,i1709,4815,4815,455,4810,758,2,57580,GMT+8
ticks,1499432669351000000,i1709,4810,4815,479,4810,756,2,57582,GMT+8
ticks,1499432669830000000,i1709,4815,4815,469,4810,757,22,57604,GMT+8
ticks,1499432670364000000,i1709,4810,4815,475,4810,727,2,57606,GMT+8
ticks,1499432670874000000,i1709,4815,4815,488,4810,690,4,57610,GMT+8
ticks,1499432671336000000,i1709,4810,4815,491,4810,704,4,57614,GMT+8
ticks,1499432671874000000,i1709,4815,4815,475,4810,690,32,57646,GMT+8
ticks,1499432672160000000,i1709,4815,4815,475,4810,690,2,57648,GMT+8
ticks,1499432672727000000,i1709,4815,4815,457,4810,691,36,57684,GMT+8
ticks,1499432673356000000,i1709,4815,4815,516,4810,691,0,57684,GMT+8
ticks,1499432673827000000,i1709,4810,4815,513,4810,686,14,57698,GMT+8
ticks,1499432674327000000,i1709,4810,4815,518,4810,687,0,57698,GMT+8
ticks,1499432674858000000,i1709,4815,4815,465,4810,691,106,57804,GMT+8
ticks,1499432675373000000,i1709,4815,4815,462,4810,721,12,57816,GMT+8
ticks,1499432675839000000,i1709,4815,4815,467,4810,721,8,57824,GMT+8
ticks,1499432676203000000,i1709,4810,4815,468,4810,712,20,57844,GMT+8
ticks,1499432676793000000,i1709,4815,4815,462,4810,713,6,57850,GMT+8
ticks,1499432677328000000,i1709,4810,4815,464,4810,710,6,57856,GMT+8
ticks,1499432677857000000,i1709,4815,4815,468,4810,710,4,57860,GMT+8
ticks,1499432678311000000,i1709,4810,4815,469,4810,695,34,57894,GMT+8
ticks,1499432678873000000,i1709,4810,4815,470,4810,687,18,57912,GMT+8
ticks,1499432679375000000,i1709,4810,4815,467,4810,682,18,57930,GMT+8
ticks,1499432679873000000,i1709,4815,4815,468,4810,683,14,57944,GMT+8
ticks,1499432680375000000,i1709,4815,4815,470,4810,683,0,57944,GMT+8
ticks,1499432680852000000,i1709,4810,4815,457,4810,683,28,57972,GMT+8
ticks,1499432681363000000,i1709,4815,4815,440,4810,698,2,57974,GMT+8
ticks,1499432681859000000,i1709,4815,4815,411,4810,698,2,57976,GMT+8
ticks,1499432682358000000,i1709,4810,4815,381,4810,695,82,58058,GMT+8
ticks,1499432682840000000,i1709,4815,4815,383,4810,833,6,58064,GMT+8
ticks,1499432683346000000,i1709,4810,4815,385,4810,803,40,58104,GMT+8
ticks,1499432683862000000,i1709,4815,4820,1419,4815,271,780,58884,GMT+8
ticks,1499432684364000000,i1709,4820,4820,1417,4815,415,2,58886,GMT+8
ticks,1499432684864000000,i1709,4820,4820,1353,4815,407,10,58896,GMT+8
ticks,1499432685276000000,i1709,4815,4820,1353,4815,405,6,58902,GMT+8
ticks,1499432685866000000,i1709,4815,4820,1350,4815,390,38,58940,GMT+8
ticks,1499432686370000000,i1709,4820,4820,1349,4815,391,2,58942,GMT+8
ticks,1499432686867000000,i1709,4820,4820,1349,4815,393,0,58942,GMT+8
ticks,1499432687354000000,i1709,4820,4820,1349,4815,394,0,58942,GMT+8
ticks,1499432687779000000,i1709,4820,4820,1349,4815,397,2,58944,GMT+8
ticks,1499432688349000000,i1709,4820,4820,1350,4815,393,12,58956,GMT+8
ticks,1499432688861000000,i1709,4820,4820,1350,4815,393,6,58962,GMT+8
ticks,1499432689330000000,i1709,4815,4820,1333,4815,392,2,58964,GMT+8
ticks,1499432689862000000,i1709,4815,4820,1325,4815,395,10,58974,GMT+8
ticks,1499432690362000000,i1709,4820,4820,1294,4815,396,90,59064,GMT+8
ticks,1499432690849000000,i1709,4820,4820,1294,4815,400,2,59066,GMT+8
ticks,1499432691364000000,i1709,4820,4820,1293,4815,536,4,59070,GMT+8
ticks,1499432691861000000,i1709,4820,4820,1347,4815,537,6,59076,GMT+8
ticks,1499432692362000000,i1709,4820,4820,1339,4815,371,396,59472,GMT+8
ticks,1499432692836000000,i1709,4820,4820,1336,4815,371,8,59480,GMT+8
ticks,1499432693368000000,i1709,4815,4820,1330,4815,369,16,59496,GMT+8
ticks,1499432693774000000,i1709,4820,4820,1326,4815,363,30,59526,GMT+8
ticks,1499432694182000000,i1709,4815,4820,1323,4815,363,20,59546,GMT+8
ticks,1499432694820000000,i1709,4820,4820,1304,4815,358,46,59592,GMT+8
ticks,1499432695245000000,i1709,4815,4820,1305,4815,355,6,59598,GMT+8
ticks,1499432695839000000,i1709,4815,4820,1306,4815,336,42,59640,GMT+8
ticks,1499432696375000000,i1709,4815,4820,1307,4815,337,2,59642,GMT+8
ticks,1499432696795000000,i1709,4815,4820,1307,4815,368,16,59658,GMT+8
ticks,1499432697277000000,i1709,4815,4820,1306,4815,369,10,59668,GMT+8
ticks,1499432697815000000,i1709,4815,4820,1304,4815,358,30,59698,GMT+8
ticks,1499432698352000000,i1709,4820,4820,1303,4815,350,26,59724,GMT+8
ticks,1499432698854000000,i1709,4820,4820,1302,4815,350,2,59726,GMT+8
ticks,1499432699344000000,i1709,4820,4820,1301,4815,349,10,59736,GMT+8
ticks,1499432699875000000,i1709,4815,4820,1301,4815,310,12,59748,GMT+8
ticks,1499432700853000000,i1709,4820,4820,1296,4815,280,80,59828,GMT+8
ticks,1499432701358000000,i1709,4815,4820,1289,4815,278,20,59848,GMT+8
ticks,1499432701869000000,i1709,4820,4820,1273,4815,275,56,59904,GMT+8
ticks,1499432702257000000,i1709,4815,4820,1273,4815,205,142,60046,GMT+8
ticks,1499432702852000000,i1709,4820,4820,1271,4815,274,4,60050,GMT+8
ticks,1499432703370000000,i1709,4820,4820,1267,4815,289,16,60066,GMT+8
ticks,1499432703857000000,i1709,4815,4820,1274,4815,284,16,60082,GMT+8
ticks,1499432704361000000,i1709,4815,4820,1271,4815,281,190,60272,GMT+8
ticks,1499432704819000000,i1709,4815,4820,1272,4815,333,8,60280,GMT+8
ticks,1499432705173000000,i1709,4815,4820,1272,4815,376,0,60280,GMT+8
ticks,1499432705789000000,i1709,4820,4820,1271,4815,379,4,60284,GMT+8
ticks,1499432706332000000,i1709,4815,4820,1320,4815,380,10,60294,GMT+8
ticks,1499432706843000000,i1709,4815,4820,1320,4815,383,4,60298,GMT+8
ticks,1499432707374000000,i1709,4820,4820,1327,4815,384,2,60300,GMT+8
ticks,1499432707818000000,i1709,4820,4820,1327,4815,400,0,60300,GMT+8
ticks,1499432708293000000,i1709,4820,4820,1326,4815,400,2,60302,GMT+8
ticks,1499432708825000000,i1709,4820,4820,1325,4815,401,4,60306,GMT+8
ticks,1499432709300000000,i1709,4815,4820,1319,4815,402,16,60322,GMT+8
ticks,1499432709866000000,i1709,4815,4820,1317,4815,398,14,60336,GMT+8
ticks,1499432710363000000,i1709,4815,4820,1329,4815,435,0,60336,GMT+8
ticks,1499432710730000000,i1709,4820,4820,1327,4815,435,4,60340,GMT+8
ticks,1499432711331000000,i1709,4820,4820,1324,4815,436,4,60344,GMT+8
ticks,1499432711867000000,i1709,4815,4820,1321,4815,541,16,60360,GMT+8
ticks,1499432712319000000,i1709,4820,4820,1316,4815,541,10,60370,GMT+8
ticks,1499432712862000000,i1709,4820,4820,1308,4815,540,18,60388,GMT+8
ticks,1499432713234000000,i1709,4815,4820,1319,4815,520,60,60448,GMT+8
ticks,1499432713765000000,i1709,4815,4820,1318,4815,519,8,60456,GMT+8
ticks,1499432714361000000,i1709,4815,4820,1323,4815,528,26,60482,GMT+8
ticks,1499432714875000000,i1709,4815,4820,1373,4815,532,2,60484,GMT+8
ticks,1499432715364000000,i1709,4815,4820,1381,4815,538,0,60484,GMT+8
ticks,1499432715833000000,i1709,4820,4820,1427,4815,538,6,60490,GMT+8
ticks,1499432716312000000,i1709,4820,4820,1431,4815,538,6,60496,GMT+8
ticks,1499432716843000000,i1709,4820,4820,1432,4815,540,2,60498,GMT+8
ticks,1499432717247000000,i1709,4820,4820,1435,4815,540,0,60498,GMT+8
ticks,1499432717808000000,i1709,4815,4820,1436,4815,539,2,60500,GMT+8
ticks,1499432718368000000,i1709,4820,4820,1435,4815,538,10,60510,GMT+8
ticks,1499432718725000000,i1709,4820,4820,1436,4815,540,6,60516,GMT+8
ticks,1499432719343000000,i1709,4815,4820,1438,4815,540,4,60520,GMT+8
ticks,1499432719776000000,i1709,4815,4820,1436,4815,529,34,60554,GMT+8
ticks,1499432720314000000,i1709,4820,4820,1435,4815,528,2,60556,GMT+8
ticks,1499432720801000000,i1709,4820,4820,1440,4815,497,2,60558,GMT+8
ticks,1499432721252000000,i1709,4820,4820,1439,4815,497,4,60562,GMT+8
ticks,1499432721801000000,i1709,4820,4820,1431,4815,497,14,60576,GMT+8
ticks,1499432722345000000,i1709,4815,4820,1432,4815,487,20,60596,GMT+8
ticks,1499432722859000000,i1709,4820,4820,1434,4815,487,2,60598,GMT+8
ticks,1499432723356000000,i1709,4820,4820,1436,4815,485,30,60628,GMT+8
ticks,1499432723785000000,i1709,4815,4820,1437,4815,485,2,60630,GMT+8
ticks,1499432724234000000,i1709,4820,4820,1437,4815,485,2,60632,GMT+8
ticks,1499432724801000000,i1709,4815,4820,1433,4815,483,12,60644,GMT+8
ticks,1499432725186000000,i1709,4820,4820,1429,4815,467,40,60684,GMT+8
ticks,1499432725863000000,i1709,4820,4820,1423,4815,466,14,60698,GMT+8
ticks,1499432726309000000,i1709,4820,4820,1425,4815,466,0,60698,GMT+8
ticks,1499432726857000000,i1709,4820,4820,1393,4815,466,70,60768,GMT+8
ticks,1499432727361000000,i1709,4820,4820,1395,4815,505,14,60782,GMT+8
ticks,1499432727857000000,i1709,4820,4820,1390,4815,505,18,60800,GMT+8
ticks,1499432728208000000,i1709,4820,4820,1407,4815,505,6,60806,GMT+8
ticks,1499432728776000000,i1709,4820,4820,1441,4815,487,2,60808,GMT+8
ticks,1499432729337000000,i1709,4820,4820,1438,4815,525,2,60810,GMT+8
ticks,1499432729855000000,i1709,4820,4820,1431,4815,526,14,60824,GMT+8
ticks,1499432730365000000,i1709,4820,4820,1441,4815,538,12,60836,GMT+8
ticks,1499432730866000000,i1709,4815,4820,1444,4815,537,6,60842,GMT+8
ticks,1499432731315000000,i1709,4820,4820,1439,4815,537,14,60856,GMT+8
ticks,1499432731822000000,i1709,4815,4820,1433,4815,527,50,60906,GMT+8
ticks,1499432732373000000,i1709,4815,4820,1432,4815,497,64,60970,GMT+8
ticks,1499432732870000000,i1709,4815,4820,1431,4815,506,4,60974,GMT+8
ticks,1499432733355000000,i1709,4815,4820,1430,4815,497,22,60996,GMT+8
ticks,1499432733862000000,i1709,4820,4820,1429,4815,615,10,61006,GMT+8
ticks,1499432734352000000,i1709,4820,4820,1425,4815,550,134,61140,GMT+8
ticks,1499432734724000000,i1709,4815,4820,1423,4815,553,12,61152,GMT+8
ticks,1499432735332000000,i1709,4820,4820,1425,4815,545,24,61176,GMT+8
ticks,1499432735849000000,i1709,4815,4820,1422,4815,530,32,61208,GMT+8
ticks,1499432736252000000,i1709,4820,4820,1425,4815,531,4,61212,GMT+8
ticks,1499432736768000000,i1709,4820,4820,1425,4815,532,0,61212,GMT+8
ticks,1499432737362000000,i1709,4820,4820,1437,4815,527,6,61218,GMT+8
ticks,1499432737836000000,i1709,4815,4820,1437,4815,529,10,61228,GMT+8
ticks,1499432738374000000,i1709,4820,4820,1433,4815,528,12,61240,GMT+8
ticks,1499432738823000000,i1709,4820,4820,1432,4815,529,2,61242,GMT+8
ticks,1499432739302000000,i1709,4820,4820,1432,4815,530,0,61242,GMT+8
ticks,1499432739831000000,i1709,4820,4820,1424,4815,530,8,61250,GMT+8
ticks,1499432740242000000,i1709,4820,4820,1428,4815,530,6,61256,GMT+8
ticks,1499432740733000000,i1709,4815,4820,1427,4815,458,140,61396,GMT+8
ticks,1499432741370000000,i1709,4815,4820,1427,4815,458,2,61398,GMT+8
ticks,1499432741804000000,i1709,4820,4820,1423,4815,455,12,61410,GMT+8
ticks,1499432742216000000,i1709,4815,4820,1425,4815,455,4,61414,GMT+8
ticks,1499432742797000000,i1709,4815,4820,1422,4815,445,22,61436,GMT+8
ticks,1499432743339000000,i1709,4820,4820,1424,4815,435,24,61460,GMT+8
ticks,1499432744363000000,i1709,4815,4820,1424,4815,424,22,61482,GMT+8
ticks,1499432744800000000,i1709,4820,4820,1424,4815,425,2,61484,GMT+8
ticks,1499432745333000000,i1709,4820,4820,1423,4815,431,0,61484,GMT+8
ticks,1499432745863000000,i1709,4820,4820,1421,4815,430,12,61496,GMT+8
ticks,1499432746352000000,i1709,4815,4820,1421,4815,432,2,61498,GMT+8
ticks,1499432746800000000,i1709,4815,4820,1432,4815,429,8,61506,GMT+8
ticks,1499432747375000000,i1709,4815,4820,1432,4815,423,20,61526,GMT+8
ticks,1499432747816000000,i1709,4815,4820,1427,4815,422,14,61540,GMT+8
ticks,1499432748177000000,i1709,4820,4820,1423,4815,421,14,61554,GMT+8
ticks,1499432748814000000,i1709,4820,4820,1416,4815,423,10,61564,GMT+8
ticks,1499432749111000000,i1709,4820,4820,1423,4815,424,0,61564,GMT+8
ticks,1499432749706000000,i1709,4820,4820,1423,4815,425,0,61564,GMT+8
ticks,1499432750350000000,i1709,4820,4820,1425,4815,427,0,61564,GMT+8
ticks,1499432750764000000,i1709,4815,4820,1424,4815,436,12,61576,GMT+8
ticks,1499432751105000000,i1709,4815,4820,1424,4815,439,0,61576,GMT+8
ticks,1499432751809000000,i1709,4820,4820,1425,4815,439,2,61578,GMT+8
ticks,1499432752369000000,i1709,4820,4820,1426,4815,440,0,61578,GMT+8
ticks,1499432752871000000,i1709,4820,4820,1451,4815,508,0,61578,GMT+8
ticks,1499432753373000000,i1709,4815,4820,1451,4815,503,12,61590,GMT+8
ticks,1499432753810000000,i1709,4820,4820,1451,4815,497,42,61632,GMT+8
ticks,1499432754336000000,i1709,4820,4820,1448,4815,488,24,61656,GMT+8
ticks,1499432754845000000,i1709,4820,4820,1427,4815,488,44,61700,GMT+8
ticks,1499432755351000000,i1709,4815,4820,1424,4815,535,8,61708,GMT+8
ticks,1499432755872000000,i1709,4820,4820,1424,4815,541,2,61710,GMT+8
ticks,1499432756361000000,i1709,4820,4820,1420,4815,601,10,61720,GMT+8
ticks,1499432756805000000,i1709,4820,4820,1418,4815,825,2,61722,GMT+8
ticks,1499432757318000000,i1709,4820,4820,1423,4815,841,0,61722,GMT+8
ticks,1499432757863000000,i1709,4820,4825,1564,4820,1100,2858,64580,GMT+8
ticks,1499432758362000000,i1709,4820,4825,1464,4820,1313,166,64746,GMT+8
ticks,1499432758861000000,i1709,4820,4825,1437,4820,1146,24,64770,GMT+8
ticks,1499432759373000000,i1709,4820,4825,1438,4820,1145,10,64780,GMT+8
ticks,1499432759840000000,i1709,4820,4825,1436,4820,1150,10,64790,GMT+8
ticks,1499432760314000000,i1709,4820,4825,1437,4820,1145,0,64790,GMT+8
ticks,1499432760862000000,i1709,4820,4825,1431,4820,1145,20,64810,GMT+8
ticks,1499432761362000000,i1709,4825,4825,1450,4820,1144,6,64816,GMT+8
ticks,1499432761873000000,i1709,4825,4825,1415,4820,1113,100,64916,GMT+8
ticks,1499432762321000000,i1709,4825,4825,1412,4820,1098,48,64964,GMT+8
ticks,1499432762846000000,i1709,4820,4825,1412,4820,1099,2,64966,GMT+8
ticks,1499432763323000000,i1709,4820,4825,1407,4820,1098,26,64992,GMT+8
ticks,1499432763834000000,i1709,4825,4825,1402,4820,1078,52,65044,GMT+8
ticks,1499432764352000000,i1709,4825,4825,1393,4820,1073,36,65080,GMT+8
ticks,1499432764863000000,i1709,4820,4825,1381,4820,1077,46,65126,GMT+8
ticks,1499432765376000000,i1709,4820,4825,1385,4820,1077,12,65138,GMT+8
ticks,1499432765869000000,i1709,4825,4825,1381,4820,1084,10,65148,GMT+8
ticks,1499432766319000000,i1709,4825,4825,1417,4820,1058,42,65190,GMT+8
ticks,1499432766852000000,i1709,4825,4825,1410,4820,1100,14,65204,GMT+8
ticks,1499432767365000000,i1709,4825,4825,1406,4820,1134,2,65206,GMT+8
ticks,1499432767803000000,i1709,4825,4825,1401,4820,1137,10,65216,GMT+8
ticks,1499432768314000000,i1709,4820,4825,1401,4820,1152,12,65228,GMT+8
ticks,1499432768852000000,i1709,4825,4825,1388,4820,1151,28,65256,GMT+8
ticks,1499432769357000000,i1709,4820,4825,1376,4820,1158,34,65290,GMT+8
ticks,1499432769864000000,i1709,4820,4825,1371,4820,1143,760,66050,GMT+8
ticks,1499432770368000000,i1709,4820,4825,1371,4820,1119,10,66060,GMT+8
ticks,1499432770684000000,i1709,4820,4825,1327,4820,1106,66,66126,GMT+8
ticks,1499432771372000000,i1709,4825,4825,1336,4820,1107,2,66128,GMT+8
ticks,1499432771870000000,i1709,4825,4825,1338,4820,1087,46,66174,GMT+8
ticks,1499432772345000000,i1709,4825,4825,1334,4820,1093,10,66184,GMT+8
ticks,1499432772862000000,i1709,4825,4825,1359,4820,839,0,66184,GMT+8
ticks,1499432773298000000,i1709,4820,4825,1358,4820,829,16,66200,GMT+8
ticks,1499432773862000000,i1709,4820,4825,1369,4820,680,304,66504,GMT+8
ticks,1499432774366000000,i1709,4820,4820,218,4815,899,1288,67792,GMT+8
ticks,1499432774863000000,i1709,4820,4820,814,4815,712,24,67816,GMT+8
ticks,1499432775337000000,i1709,4815,4820,1094,4815,694,40,67856,GMT+8
ticks,1499432775862000000,i1709,4820,4820,1113,4815,664,30,67886,GMT+8
ticks,1499432776376000000,i1709,4820,4820,1245,4815,664,22,67908,GMT+8
ticks,1499432776847000000,i1709,4820,4820,1288,4815,614,24,67932,GMT+8
ticks,1499432777366000000,i1709,4815,4815,232,4810,1281,1260,69192,GMT+8
ticks,1499432777831000000,i1709,4815,4815,229,4810,1278,8,69200,GMT+8
ticks,1499432778362000000,i1709,4815,4815,247,4810,1362,12,69212,GMT+8
ticks,1499432778866000000,i1709,4820,4820,1301,4815,384,510,69722,GMT+8
ticks,1499432779325000000,i1709,4820,4820,1298,4815,400,20,69742,GMT+8
ticks,1499432779877000000,i1709,4820,4820,1263,4815,456,6,69748,GMT+8
ticks,1499432780332000000,i1709,4815,4820,1263,4815,464,4,69752,GMT+8
ticks,1499432780866000000,i1709,4815,4820,890,4815,592,7268,77020,GMT+8
ticks,1499432781363000000,i1709,4820,4820,849,4815,605,66,77086,GMT+8
ticks,1499432781865000000,i1709,4815,4820,896,4815,679,4,77090,GMT+8
ticks,1499432782371000000,i1709,4815,4820,924,4815,675,10,77100,GMT+8
ticks,1499432782863000000,i1709,4820,4820,1073,4815,668,12,77112,GMT+8
ticks,1499432783283000000,i1709,4820,4820,1085,4815,670,0,77112,GMT+8
ticks,1499432783858000000,i1709,4815,4820,1095,4815,695,2,77114,GMT+8
ticks,1499432784345000000,i1709,4820,4820,1096,4815,695,6,77120,GMT+8
ticks,1499432784870000000,i1709,4815,4820,1158,4815,664,1026,78146,GMT+8
ticks,1499432785268000000,i1709,4820,4820,1156,4815,649,6,78152,GMT+8
ticks,1499432785862000000,i1709,4815,4820,1162,4815,662,6,78158,GMT+8
ticks,1499432786370000000,i1709,4815,4820,1162,4815,663,0,78158,GMT+8
ticks,1499432786844000000,i1709,4815,4820,1159,4815,643,54,78212,GMT+8
ticks,1499432787346000000,i1709,4815,4820,1160,4815,638,50,78262,GMT+8
ticks,1499432787811000000,i1709,4820,4820,1181,4815,641,2,78264,GMT+8
ticks,1499432788366000000,i1709,4820,4820,1181,4815,647,88,78352,GMT+8
ticks,1499432788827000000,i1709,4820,4820,1183,4815,647,4,78356,GMT+8
ticks,1499432789363000000,i1709,4815,4820,1183,4815,590,78,78434,GMT+8
ticks,1499432789863000000,i1709,4815,4820,1188,4815,589,2,78436,GMT+8
ticks,1499432790279000000,i1709,4815,4820,1189,4815,590,4,78440,GMT+8
ticks,1499432790875000000,i1709,4815,4820,1189,4815,604,12,78452,GMT+8
ticks,1499432791362000000,i1709,4815,4820,1191,4815,530,142,78594,GMT+8
ticks,1499432791875000000,i1709,4820,4820,1193,4815,538,6,78600,GMT+8
ticks,1499432792364000000,i1709,4815,4820,1191,4815,555,8,78608,GMT+8
ticks,1499432792874000000,i1709,4820,4820,1192,4815,553,22,78630,GMT+8
ticks,1499432793261000000,i1709,4815,4820,1197,4815,549,12,78642,GMT+8
ticks,1499432793862000000,i1709,4815,4820,1224,4815,543,24,78666,GMT+8
ticks,1499432794367000000,i1709,4820,4820,1229,4815,544,2,78668,GMT+8
ticks,1499432794861000000,i1709,4820,4820,1239,4815,441,6,78674,GMT+8
ticks,1499432795367000000,i1709,4815,4820,1262,4815,440,34,78708,GMT+8
ticks,1499432795867000000,i1709,4815,4820,1256,4815,173,558,79266,GMT+8
ticks,1499432796363000000,i1709,4815,4815,203,4810,1528,338,79604,GMT+8
ticks,1499432796862000000,i1709,4815,4815,222,4810,1529,4,79608,GMT+8
ticks,1499432797348000000,i1709,4815,4815,238,4810,1530,2,79610,GMT+8
ticks,1499432797866000000,i1709,4815,4820,1300,4815,275,522,80132,GMT+8
ticks,1499432798356000000,i1709,4815,4820,1225,4815,279,64,80196,GMT+8
ticks,1499432798717000000,i1709,4815,4820,1213,4815,263,40,80236,GMT+8
ticks,1499432799365000000,i1709,4815,4820,1213,4815,350,2,80238,GMT+8
ticks,1499432799846000000,i1709,4820,4820,1239,4815,372,38,80276,GMT+8
ticks,1499432800362000000,i1709,4820,4820,1512,4815,360,306,80582,GMT+8
ticks,1499432800799000000,i1709,4815,4820,1514,4815,292,44,80626,GMT+8
ticks,1499432801357000000,i1709,4815,4820,1514,4815,277,34,80660,GMT+8
ticks,1499432801866000000,i1709,4815,4820,1540,4815,283,110,80770,GMT+8
ticks,1499432802351000000,i1709,4815,4820,1577,4815,270,8,80778,GMT+8
ticks,1499432802861000000,i1709,4820,4820,1570,4815,276,32,80810,GMT+8
ticks,1499432803363000000,i1709,4815,4820,1578,4815,246,44,80854,GMT+8
ticks,1499432803837000000,i1709,4815,4820,1578,4815,227,38,80892,GMT+8
ticks,1499432804362000000,i1709,4815,4820,1547,4815,218,14,80906,GMT+8
ticks,1499432804792000000,i1709,4815,4820,1546,4815,217,6,80912,GMT+8
ticks,1499432805323000000,i1709,4815,4820,1547,4815,215,6,80918,GMT+8
ticks,1499432805871000000,i1709,4820,4820,1538,4815,212,30,80948,GMT+8
ticks,1499432806330000000,i1709,4815,4820,1540,4815,212,2,80950,GMT+8
ticks,1499432806875000000,i1709,4815,4820,1538,4815,184,86,81036,GMT+8
ticks,1499432807257000000,i1709,4815,4820,1541,4815,166,2,81038,GMT+8
ticks,1499432807858000000,i1709,4815,4815,109,4810,1491,336,81374,GMT+8
ticks,1499432808362000000,i1709,4810,4815,156,4810,1488,4,81378,GMT+8
ticks,1499432808793000000,i1709,4815,4815,156,4810,1488,10,81388,GMT+8
ticks,1499432809359000000,i1709,4810,4815,175,4810,1488,2,81390,GMT+8
ticks,1499432809873000000,i1709,4815,4815,199,4810,1471,6,81396,GMT+8
ticks,1499432810335000000,i1709,4815,4820,1579,4815,293,428,81824,GMT+8
ticks,1499432810867000000,i1709,4815,4820,1638,4815,291,18,81842,GMT+8
ticks,1499432811340000000,i1709,4815,4820,1602,4815,295,28,81870,GMT+8
ticks,1499432811771000000,i1709,4815,4820,1597,4815,263,72,81942,GMT+8
ticks,1499432812374000000,i1709,4820,4820,1600,4815,239,56,81998,GMT+8
ticks,1499432812863000000,i1709,4815,4820,1604,4815,237,6,82004,GMT+8
ticks,1499432813364000000,i1709,4815,4815,98,4810,1461,474,82478,GMT+8
ticks,1499432813853000000,i1709,4815,4815,114,4810,1461,8,82486,GMT+8
ticks,1499432814345000000,i1709,4815,4815,320,4810,1461,2,82488,GMT+8
ticks,1499432814861000000,i1709,4815,4815,352,4810,1457,14,82502,GMT+8
ticks,1499432815335000000,i1709,4815,4815,405,4810,1460,6,82508,GMT+8
ticks,1499432815876000000,i1709,4810,4815,406,4810,1457,8,82516,GMT+8
ticks,1499432816352000000,i1709,4810,4815,429,4810,1461,8,82524,GMT+8
ticks,1499432816865000000,i1709,4815,4815,467,4810,1459,4,82528,GMT+8
ticks,1499432817371000000,i1709,4815,4815,454,4810,1459,26,82554,GMT+8
ticks,1499432817810000000,i1709,4815,4815,451,4810,1465,6,82560,GMT+8
ticks,1499432818344000000,i1709,4815,4815,452,4810,1466,0,82560,GMT+8
ticks,1499432818873000000,i1709,4810,4815,247,4810,1410,216,82776,GMT+8
ticks,1499432819351000000,i1709,4815,4815,236,4810,1408,26,82802,GMT+8
ticks,1499432819865000000,i1709,4815,4815,237,4810,1408,4,82806,GMT+8
ticks,1499432820370000000,i1709,4815,4815,265,4810,1408,4,82810,GMT+8
ticks,1499432820872000000,i1709,4810,4815,269,4810,1405,6,82816,GMT+8
ticks,1499432821175000000,i1709,4810,4815,271,4810,1404,2,82818,GMT+8
ticks,1499432821728000000,i1709,4810,4815,280,4810,1408,2,82820,GMT+8
ticks,1499432822347000000,i1709,4810,4815,282,4810,1407,0,82820,GMT+8
ticks,1499432822877000000,i1709,4810,4815,294,4810,1387,16,82836,GMT+8
ticks,1499432823368000000,i1709,4810,4815,286,4810,1385,4,82840,GMT+8
ticks,1499432823841000000,i1709,4810,4815,286,4810,1379,6,82846,GMT+8
ticks,1499432824362000000,i1709,4815,4815,201,4810,1380,200,83046,GMT+8
ticks,1499432824863000000,i1709,4815,4815,65,4810,1309,680,83726,GMT+8
ticks,1499432825362000000,i1709,4815,4820,1606,4810,1335,160,83886,GMT+8
ticks,1499432825838000000,i1709,4815,4815,12,4810,1338,4,83890,GMT+8
ticks,1499432826315000000,i1709,4810,4815,14,4810,1330,18,83908,GMT+8
ticks,1499432826720000000,i1709,4810,4815,36,4810,1328,2,83910,GMT+8
ticks,1499432827296000000,i1709,4815,4815,41,4810,1328,2,83912,GMT+8
ticks,1499432827784000000,i1709,4815,4815,40,4810,1328,6,83918,GMT+8
ticks,1499432828362000000,i1709,4815,4815,46,4810,1329,14,83932,GMT+8
ticks,1499432828684000000,i1709,4810,4815,56,4810,1328,6,83938,GMT+8
ticks,1499432829358000000,i1709,4815,4815,47,4810,1328,24,83962,GMT+8
ticks,1499432829851000000,i1709,4815,4815,13,4810,1328,76,84038,GMT+8
ticks,1499432830363000000,i1709,4815,4820,1609,4815,29,48,84086,GMT+8
ticks,1499432830826000000,i1709,4815,4820,1389,4815,21,472,84558,GMT+8
ticks,1499432831325000000,i1709,4815,4820,1390,4815,86,4,84562,GMT+8
ticks,1499432831869000000,i1709,4815,4820,1389,4815,288,30,84592,GMT+8
ticks,1499432832302000000,i1709,4815,4820,1390,4815,315,8,84600,GMT+8
ticks,1499432832862000000,i1709,4815,4820,1389,4815,323,16,84616,GMT+8
ticks,1499432833318000000,i1709,4815,4820,1275,4815,374,14,84630,GMT+8
ticks,1499432833862000000,i1709,4820,4820,1226,4815,260,262,84892,GMT+8
ticks,1499432834369000000,i1709,4815,4820,1070,4815,263,6,84898,GMT+8
ticks,1499432834876000000,i1709,4815,4820,1072,4815,240,32,84930,GMT+8
ticks,1499432835312000000,i1709,4815,4820,1045,4815,258,10,84940,GMT+8
ticks,1499432835861000000,i1709,4815,4820,1043,4815,251,20,84960,GMT+8
ticks,1499432836363000000,i1709,4815,4820,1048,4815,170,222,85182,GMT+8
ticks,1499432836841000000,i1709,4815,4820,1048,4815,150,40,85222,GMT+8
ticks,1499432837366000000,i1709,4815,4815,86,4810,1427,308,85530,GMT+8
ticks,1499432837861000000,i1709,4815,4815,205,4810,1426,4,85534,GMT+8
ticks,1499432838284000000,i1709,4815,4815,282,4810,1426,0,85534,GMT+8
ticks,1499432838861000000,i1709,4815,4815,282,4810,1449,2,85536,GMT+8
ticks,1499432839362000000,i1709,4815,4815,303,4810,1449,0,85536,GMT+8
ticks,1499432839824000000,i1709,4815,4815,302,4810,1477,2,85538,GMT+8
ticks,1499432840367000000,i1709,4815,4815,303,4810,1477,0,85538,GMT+8
ticks,1499432840811000000,i1709,4815,4815,329,4810,1477,0,85538,GMT+8
ticks,1499432841330000000,i1709,4815,4815,328,4810,1478,2,85540,GMT+8
ticks,1499432841863000000,i1709,4815,4815,155,4810,1485,130,85670,GMT+8
ticks,1499432842296000000,i1709,4815,4820,1266,4815,245,310,85980,GMT+8
ticks,1499432842843000000,i1709,4815,4820,1265,4815,266,4,85984,GMT+8
ticks,1499432843366000000,i1709,4820,4820,1268,4815,743,2,85986,GMT+8
ticks,1499432843661000000,i1709,4815,4820,1145,4815,728,36,86022,GMT+8
ticks,1499432844362000000,i1709,4815,4820,1106,4815,730,0,86022,GMT+8
ticks,1499432844844000000,i1709,4815,4820,1108,4815,718,24,86046,GMT+8
ticks,1499432845318000000,i1709,4815,4820,1108,4815,719,0,86046,GMT+8
ticks,1499432845871000000,i1709,4815,4820,1177,4815,708,30,86076,GMT+8
ticks,1499432846363000000,i1709,4820,4820,1176,4815,715,4,86080,GMT+8
ticks,1499432846675000000,i1709,4815,4820,1176,4815,716,6,86086,GMT+8
ticks,1499432847274000000,i1709,4815,4820,1182,4815,709,14,86100,GMT+8
ticks,1499432847863000000,i1709,4815,4820,1185,4815,712,8,86108,GMT+8
ticks,1499432848347000000,i1709,4815,4820,1175,4815,646,132,86240,GMT+8
ticks,1499432848760000000,i1709,4815,4820,1165,4815,642,12,86252,GMT+8
ticks,1499432849175000000,i1709,4815,4820,1164,4815,642,0,86252,GMT+8
ticks,1499432849865000000,i1709,4815,4820,1164,4815,671,6,86258,GMT+8
ticks,1499432850317000000,i1709,4815,4820,1164,4815,671,4,86262,GMT+8
ticks,1499432850835000000,i1709,4820,4820,1160,4815,673,6,86268,GMT+8
ticks,1499432851367000000,i1709,4815,4820,1161,4815,670,6,86274,GMT+8
ticks,1499432851864000000,i1709,4815,4820,1141,4815,633,100,86374,GMT+8
ticks,1499432852359000000,i1709,4815,4820,1152,4815,538,0,86374,GMT+8
ticks,1499432852862000000,i1709,4815,4820,1162,4815,530,26,86400,GMT+8
ticks,1499432853364000000,i1709,4815,4820,1164,4815,304,498,86898,GMT+8
ticks,1499432853866000000,i1709,4815,4815,292,4810,1502,352,87250,GMT+8
ticks,1499432854365000000,i1709,4815,4815,1770,4810,1391,2,87252,GMT+8
ticks,1499432854844000000,i1709,4815,4815,1796,4810,1391,6,87258,GMT+8
ticks,1499432855362000000,i1709,4815,4815,1801,4810,1392,0,87258,GMT+8
ticks,1499432855796000000,i1709,4810,4815,1802,4810,1390,4,87262,GMT+8
ticks,1499432856373000000,i1709,4815,4815,1807,4810,1390,24,87286,GMT+8
ticks,1499432856862000000,i1709,4810,4815,1809,4810,1489,4,87290,GMT+8
ticks,1499432857363000000,i1709,4815,4815,1789,4810,1489,402,87692,GMT+8
ticks,1499432857845000000,i1709,4815,4815,1799,4810,1486,12,87704,GMT+8
ticks,1499432858367000000,i1709,4815,4815,1749,4810,1487,100,87804,GMT+8
ticks,1499432858863000000,i1709,4815,4815,1748,4810,1061,112,87916,GMT+8
ticks,1499432859363000000,i1709,4815,4815,1748,4810,1061,0,87916,GMT+8
ticks,1499432859862000000,i1709,4810,4815,1420,4810,1266,118,88034,GMT+8
ticks,1499432860363000000,i1709,4815,4815,318,4810,1265,174,88208,GMT+8
ticks,1499432860767000000,i1709,4815,4815,312,4810,1246,12,88220,GMT+8
ticks,1499432861246000000,i1709,4810,4815,312,4810,1245,6,88226,GMT+8
ticks,1499432861867000000,i1709,4810,4815,314,4810,1339,16,88242,GMT+8
ticks,1499432862301000000,i1709,4810,4815,311,4810,1223,16,88258,GMT+8
ticks,1499432862857000000,i1709,4815,4815,309,4810,1223,4,88262,GMT+8
ticks,1499432863288000000,i1709,4815,4815,309,4810,1221,0,88262,GMT+8
ticks,1499432863839000000,i1709,4810,4815,302,4810,1219,20,88282,GMT+8
ticks,1499432864362000000,i1709,4810,4815,313,4810,1211,2,88284,GMT+8
ticks,1499432864711000000,i1709,4810,4815,313,4810,1217,0,88284,GMT+8
ticks,1499432865362000000,i1709,4810,4815,315,4810,1218,0,88284,GMT+8
ticks,1499432865862000000,i1709,4815,4815,305,4810,1220,4,88288,GMT+8
ticks,1499432866363000000,i1709,4815,4815,308,4810,1250,22,88310,GMT+8
ticks,1499432866756000000,i1709,4815,4815,304,4810,1251,10,88320,GMT+8
ticks,1499432867313000000,i1709,4815,4815,303,4810,1271,2,88322,GMT+8
ticks,1499432867839000000,i1709,4810,4815,304,4810,1268,8,88330,GMT+8
ticks,1499432868356000000,i1709,4815,4815,300,4810,1265,12,88342,GMT+8
ticks,1499432868861000000,i1709,4810,4815,297,4810,1264,10,88352,GMT+8
ticks,1499432869329000000,i1709,4815,4815,283,4810,1257,12,88364,GMT+8
ticks,1499432869804000000,i1709,4815,4815,282,4810,1258,4,88368,GMT+8
ticks,1499432870362000000,i1709,4810,4815,285,4810,1277,2,88370,GMT+8
ticks,1499432870877000000,i1709,4810,4815,301,4810,1277,4,88374,GMT+8
ticks,1499432871311000000,i1709,4815,4815,301,4810,1278,2,88376,GMT+8
ticks,1499432871867000000,i1709,4810,4815,302,4810,1274,12,88388,GMT+8
ticks,1499432872311000000,i1709,4810,4815,303,4810,1275,0,88388,GMT+8
ticks,1499432872826000000,i1709,4815,4815,392,4810,1273,26,88414,GMT+8
ticks,1499432873362000000,i1709,4810,4815,398,4810,1266,14,88428,GMT+8
ticks,1499432873778000000,i1709,4815,4815,398,4810,1261,12,88440,GMT+8
ticks,1499432874365000000,i1709,4815,4815,395,4810,1203,12,88452,GMT+8
ticks,1499432874770000000,i1709,4815,4815,397,4810,1208,0,88452,GMT+8
ticks,1499432875244000000,i1709,4815,4815,401,4810,1209,0,88452,GMT+8
ticks,1499432875873000000,i1709,4815,4815,402,4810,1211,2,88454,GMT+8
ticks,1499432876161000000,i1709,4810,4815,407,4810,1220,12,88466,GMT+8
ticks,1499432876822000000,i1709,4810,4815,411,4810,1217,10,88476,GMT+8
ticks,1499432877286000000,i1709,4810,4815,416,4810,1216,2,88478,GMT+8
ticks,1499432877862000000,i1709,4810,4815,416,4810,1211,10,88488,GMT+8
ticks,1499432878362000000,i1709,4815,4815,525,4810,1213,2,88490,GMT+8
ticks,1499432878720000000,i1709,4815,4815,621,4810,1215,4,88494,GMT+8
ticks,1499432879362000000,i1709,4810,4815,630,4810,1213,2,88496,GMT+8
ticks,1499432879872000000,i1709,4815,4815,628,4810,1208,6,88502,GMT+8
ticks,1499432880265000000,i1709,4810,4815,639,4810,1218,36,88538,GMT+8
ticks,1499432880837000000,i1709,4815,4815,630,4810,1217,20,88558,GMT+8
ticks,1499432881368000000,i1709,4810,4815,638,4810,1261,4,88562,GMT+8
ticks,1499432881855000000,i1709,4815,4815,628,4810,1257,24,88586,GMT+8
ticks,1499432882295000000,i1709,4815,4815,627,4810,1266,4,88590,GMT+8
ticks,1499432882862000000,i1709,4810,4815,629,4810,1261,4,88594,GMT+8
ticks,1499432883336000000,i1709,4810,4815,635,4810,1251,6,88600,GMT+8
ticks,1499432883651000000,i1709,4810,4815,634,4810,1248,4,88604,GMT+8
ticks,1499432884242000000,i1709,4810,4815,641,4810,1242,14,88618,GMT+8
ticks,1499432884828000000,i1709,4810,4815,651,4810,1244,6,88624,GMT+8
ticks,1499432885331000000,i1709,4810,4815,651,4810,1241,6,88630,GMT+8
ticks,1499432885854000000,i1709,4810,4815,652,4810,1236,10,88640,GMT+8
ticks,1499432886299000000,i1709,4815,4815,651,4810,1241,4,88644,GMT+8
ticks,1499432887327000000,i1709,4810,4815,652,4810,1240,2,88646,GMT+8
ticks,1499432887843000000,i1709,4810,4815,652,4810,1366,6,88652,GMT+8
ticks,1499432888372000000,i1709,4815,4815,646,4810,1362,4,88656,GMT+8
ticks,1499432888842000000,i1709,4815,4815,642,4810,1362,6,88662,GMT+8
ticks,1499432889362000000,i1709,4815,4815,843,4810,1341,4,88666,GMT+8
ticks,1499432889831000000,i1709,4810,4815,845,4810,1241,204,88870,GMT+8
ticks,1499432890248000000,i1709,4810,4815,844,4810,1230,24,88894,GMT+8
ticks,1499432890702000000,i1709,4810,4815,860,4810,1217,0,88894,GMT+8
ticks,1499432891342000000,i1709,4810,4815,865,4810,1186,2,88896,GMT+8
ticks,1499432891786000000,i1709,4815,4815,856,4810,1175,38,88934,GMT+8
ticks,1499432892285000000,i1709,4815,4815,866,4810,1173,2,88936,GMT+8
ticks,1499432892824000000,i1709,4815,4815,857,4810,1172,16,88952,GMT+8
ticks,1499432893285000000,i1709,4815,4815,859,4810,1183,0,88952,GMT+8
ticks,1499432893836000000,i1709,4810,4815,856,4810,1179,16,88968,GMT+8
ticks,1499432894363000000,i1709,4810,4815,868,4810,1179,0,88968,GMT+8
ticks,1499432894877000000,i1709,4815,4815,870,4810,1177,8,88976,GMT+8
ticks,1499432895303000000,i1709,4815,4815,880,4810,1176,0,88976,GMT+8
ticks,1499432895816000000,i1709,4815,4815,880,4810,1176,4,88980,GMT+8
ticks,1499432896348000000,i1709,4815,4815,888,4810,1177,0,88980,GMT+8
ticks,1499432897334000000,i1709,4810,4815,888,4810,1169,14,88994,GMT+8
ticks,1499432897818000000,i1709,4810,4815,886,4810,1168,8,89002,GMT+8
ticks,1499432898309000000,i1709,4810,4815,888,4810,1168,0,89002,GMT+8
ticks,1499432898862000000,i1709,4815,4815,890,4810,1287,2,89004,GMT+8
ticks,1499432899342000000,i1709,4815,4815,889,4810,1269,28,89032,GMT+8
ticks,1499432899740000000,i1709,4815,4815,880,4810,1262,0,89032,GMT+8
ticks,1499432900366000000,i1709,4815,4815,368,4810,1271,1028,90060,GMT+8
ticks,1499432900863000000,i1709,4815,4820,1281,4815,563,738,90798,GMT+8
ticks,1499432901300000000,i1709,4815,4820,1282,4815,551,30,90828,GMT+8
ticks,1499432901862000000,i1709,4820,4820,1179,4815,838,28,90856,GMT+8
ticks,1499432902363000000,i1709,4815,4820,1181,4815,673,4,90860,GMT+8
ticks,1499432902841000000,i1709,4815,4820,1182,4815,672,6,90866,GMT+8
ticks,1499432903279000000,i1709,4815,4820,1184,4815,661,22,90888,GMT+8
ticks,1499432903862000000,i1709,4815,4820,1285,4815,682,10,90898,GMT+8
ticks,1499432904077000000,i1709,4815,4820,1295,4815,593,0,90898,GMT+8
ticks,1499432904813000000,i1709,4815,4820,1295,4815,594,4,90902,GMT+8
ticks,1499432905340000000,i1709,4820,4820,1280,4815,578,58,90960,GMT+8
ticks,1499432905825000000,i1709,4815,4820,1240,4815,575,88,91048,GMT+8
ticks,1499432906372000000,i1709,4820,4820,1141,4815,573,204,91252,GMT+8
ticks,1499432907308000000,i1709,4815,4820,1144,4815,562,24,91276,GMT+8
ticks,1499432907857000000,i1709,4815,4820,1141,4815,556,12,91288,GMT+8
ticks,1499432908342000000,i1709,4815,4820,1140,4815,568,4,91292,GMT+8
ticks,1499432908874000000,i1709,4815,4820,1141,4815,868,0,91292,GMT+8
ticks,1499432909347000000,i1709,4815,4820,1141,4815,868,4,91296,GMT+8
ticks,1499432909873000000,i1709,4820,4820,1141,4815,879,12,91308,GMT+8
ticks,1499432910374000000,i1709,4820,4820,1068,4815,1615,0,91308,GMT+8
ticks,1499432910831000000,i1709,4815,4820,1056,4815,1607,34,91342,GMT+8
ticks,1499432911311000000,i1709,4820,4820,1038,4815,1606,42,91384,GMT+8
ticks,1499432911728000000,i1709,4815,4820,1033,4815,1615,10,91394,GMT+8
ticks,1499432912374000000,i1709,4815,4820,1039,4815,1614,4,91398,GMT+8
ticks,1499432912870000000,i1709,4820,4820,1036,4815,1614,4,91402,GMT+8
ticks,1499432913333000000,i1709,4820,4820,1037,4815,1614,2,91404,GMT+8
ticks,1499432913846000000,i1709,4820,4820,1037,4815,1635,2,91406,GMT+8
ticks,1499432914247000000,i1709,4820,4820,1027,4815,1635,0,91406,GMT+8
ticks,1499432914853000000,i1709,4815,4820,1042,4815,1635,2,91408,GMT+8
ticks,1499432915190000000,i1709,4820,4820,1034,4815,1639,12,91420,GMT+8
ticks,1499432915825000000,i1709,4820,4820,1033,4815,1640,2,91422,GMT+8
ticks,1499432916371000000,i1709,4820,4820,1028,4815,1641,0,91422,GMT+8
ticks,1499432916853000000,i1709,4820,4820,1027,4815,1653,2,91424,GMT+8
ticks,1499432917377000000,i1709,4820,4820,970,4815,1657,134,91558,GMT+8
ticks,1499432917862000000,i1709,4820,4820,900,4815,1753,144,91702,GMT+8
ticks,1499432918310000000,i1709,4820,4820,828,4815,1758,158,91860,GMT+8
ticks,1499432918862000000,i1709,4820,4820,827,4815,1759,0,91860,GMT+8
ticks,1499432919152000000,i1709,4815,4820,821,4815,1743,34,91894,GMT+8
ticks,1499432919870000000,i1709,4820,4820,803,4815,1722,74,91968,GMT+8
ticks,1499432920353000000,i1709,4820,4820,727,4815,1722,144,92112,GMT+8
ticks,1499432920869000000,i1709,4820,4820,709,4815,1643,40,92152,GMT+8
ticks,1499432921355000000,i1709,4820,4820,708,4815,1644,2,92154,GMT+8
ticks,1499432921797000000,i1709,4820,4820,706,4815,1644,2,92156,GMT+8
ticks,1499432922375000000,i1709,4820,4820,692,4815,1633,46,92202,GMT+8
ticks,1499432922785000000,i1709,4820,4820,619,4815,1630,16,92218,GMT+8
ticks,1499432923317000000,i1709,4820,4820,621,4815,1695,0,92218,GMT+8
ticks,1499432923721000000,i1709,4820,4820,617,4815,1689,14,92232,GMT+8
ticks,1499432924276000000,i1709,4820,4820,604,4815,1690,26,92258,GMT+8
ticks,1499432924836000000,i1709,4820,4820,581,4815,1691,34,92292,GMT+8
ticks,1499432925309000000,i1709,4815,4820,583,4815,1688,8,92300,GMT+8
ticks,1499432925707000000,i1709,4820,4820,481,4815,1688,204,92504,GMT+8
ticks,1499432926377000000,i1709,4820,4820,478,4815,1696,6,92510,GMT+8
ticks,1499432926839000000,i1709,4820,4820,476,4815,1696,6,92516,GMT+8
ticks,1499432927351000000,i1709,4820,4820,476,4815,1696,0,92516,GMT+8
ticks,1499432927850000000,i1709,4820,4820,507,4815,1696,12,92528,GMT+8
ticks,1499432928373000000,i1709,4820,4820,493,4815,1696,46,92574,GMT+8
ticks,1499432928861000000,i1709,4820,4820,495,4815,1696,24,92598,GMT+8
ticks,1499432929361000000,i1709,4820,4820,541,4815,1698,0,92598,GMT+8
ticks,1499432929860000000,i1709,4820,4820,542,4815,1698,0,92598,GMT+8
ticks,1499432930223000000,i1709,4820,4820,557,4815,1698,0,92598,GMT+8
ticks,1499432930877000000,i1709,4820,4820,544,4815,1697,38,92636,GMT+8
ticks,1499432931376000000,i1709,4815,4820,551,4815,1696,4,92640,GMT+8
ticks,1499432931836000000,i1709,4820,4820,551,4815,1696,2,92642,GMT+8
ticks,1499432932373000000,i1709,4820,4820,491,4815,1694,100,92742,GMT+8
ticks,1499432932841000000,i1709,4820,4820,492,4815,1695,4,92746,GMT+8
ticks,1499432933374000000,i1709,4815,4820,489,4815,1698,8,92754,GMT+8
ticks,1499432933872000000,i1709,4820,4820,488,4815,1708,2,92756,GMT+8
ticks,1499432934364000000,i1709,4820,4825,1698,4820,40,936,93692,GMT+8
ticks,1499432934862000000,i1709,4825,4825,1698,4820,242,2,93694,GMT+8
ticks,1499432935373000000,i1709,4820,4825,1737,4820,335,32,93726,GMT+8
ticks,1499432935865000000,i1709,4825,4825,1737,4820,342,24,93750,GMT+8
ticks,1499432936362000000,i1709,4825,4825,1736,4820,690,6,93756,GMT+8
ticks,1499432936870000000,i1709,4825,4825,1736,4820,693,12,93768,GMT+8
ticks,1499432937843000000,i1709,4820,4825,1748,4820,706,20,93788,GMT+8
ticks,1499432938370000000,i1709,4820,4825,1749,4820,714,20,93808,GMT+8
ticks,1499432938871000000,i1709,4825,4825,1766,4820,714,2,93810,GMT+8
ticks,1499432939304000000,i1709,4825,4825,1764,4820,696,40,93850,GMT+8
ticks,1499432939837000000,i1709,4825,4825,1762,4820,696,2,93852,GMT+8
ticks,1499432940365000000,i1709,4820,4825,1762,4820,695,8,93860,GMT+8
ticks,1499432940866000000,i1709,4825,4825,1283,4820,956,982,94842,GMT+8
ticks,1499432941362000000,i1709,4820,4825,790,4820,990,988,95830,GMT+8
ticks,1499432941862000000,i1709,4825,4825,827,4820,1146,14,95844,GMT+8
ticks,1499432942308000000,i1709,4825,4825,762,4820,1146,114,95958,GMT+8
ticks,1499432942833000000,i1709,4825,4825,758,4820,1146,6,95964,GMT+8
ticks,1499432943361000000,i1709,4820,4825,763,4820,1151,10,95974,GMT+8
ticks,1499432943862000000,i1709,4825,4825,649,4820,1163,210,96184,GMT+8
ticks,1499432944376000000,i1709,4825,4825,657,4820,1161,4,96188,GMT+8
ticks,1499432944700000000,i1709,4825,4825,650,4820,1151,40,96228,GMT+8
ticks,1499432945359000000,i1709,4825,4825,644,4820,1153,22,96250,GMT+8
ticks,1499432945790000000,i1709,4825,4825,640,4820,1153,8,96258,GMT+8
ticks,1499432946376000000,i1709,4825,4825,787,4820,1153,10,96268,GMT+8
ticks,1499432946861000000,i1709,4825,4825,810,4820,1156,14,96282,GMT+8
ticks,1499432947365000000,i1709,4825,4825,806,4820,1156,18,96300,GMT+8
ticks,1499432947759000000,i1709,4825,4825,804,4820,1156,2,96302,GMT+8
ticks,1499432948350000000,i1709,4825,4825,785,4820,1157,34,96336,GMT+8
ticks,1499432948872000000,i1709,4825,4825,779,4820,2098,20,96356,GMT+8
ticks,1499432949374000000,i1709,4825,4830,2630,4825,294,1422,97778,GMT+8
ticks,1499432949872000000,i1709,4830,4830,2643,4825,737,4,97782,GMT+8
ticks,1499432950368000000,i1709,4830,4830,2486,4825,733,344,98126,GMT+8
ticks,1499432950876000000,i1709,4825,4830,2161,4825,1010,636,98762,GMT+8
ticks,1499432951329000000,i1709,4830,4830,2162,4825,1013,20,98782,GMT+8
ticks,1499432951851000000,i1709,4830,4830,2173,4825,1018,2,98784,GMT+8
ticks,1499432952375000000,i1709,4830,4830,2173,4825,1023,4,98788,GMT+8
ticks,1499432952846000000,i1709,4830,4830,2148,4825,1017,74,98862,GMT+8
ticks,1499432953262000000,i1709,4825,4830,2126,4825,946,188,99050,GMT+8
ticks,1499432953833000000,i1709,4825,4830,2116,4825,787,24,99074,GMT+8
ticks,1499432954364000000,i1709,4830,4830,2115,4825,787,4,99078,GMT+8
ticks,1499432954876000000,i1709,4830,4830,2110,4825,775,36,99114,GMT+8
ticks,1499432955344000000,i1709,4830,4830,2102,4825,826,30,99144,GMT+8
ticks,1499432955869000000,i1709,4830,4830,2100,4825,833,22,99166,GMT+8
ticks,1499432956364000000,i1709,4830,4830,2081,4825,841,58,99224,GMT+8
ticks,1499432956870000000,i1709,4830,4830,2070,4825,874,24,99248,GMT+8
ticks,1499432957367000000,i1709,4830,4830,2179,4825,881,24,99272,GMT+8
ticks,1499432957816000000,i1709,4830,4830,2166,4825,879,30,99302,GMT+8
ticks,1499432958257000000,i1709,4830,4830,2164,4825,890,0,99302,GMT+8
ticks,1499432958866000000,i1709,4830,4830,2147,4825,1429,34,99336,GMT+8
ticks,1499432959346000000,i1709,4830,4830,2133,4825,1429,26,99362,GMT+8
ticks,1499432959872000000,i1709,4830,4830,2080,4825,1431,106,99468,GMT+8
ticks,1499432960372000000,i1709,4830,4830,874,4825,1480,2400,101868,GMT+8
ticks,1499432960875000000,i1709,4830,4835,1507,4830,747,1752,103620,GMT+8
ticks,1499432961363000000,i1709,4830,4835,1504,4830,867,66,103686,GMT+8
ticks,1499432961822000000,i1709,4830,4835,1460,4830,914,100,103786,GMT+8
ticks,1499432962332000000,i1709,4835,4835,1456,4830,946,30,103816,GMT+8
ticks,1499432962871000000,i1709,4830,4835,1162,4830,1061,68,103884,GMT+8
ticks,1499432963334000000,i1709,4830,4835,1171,4830,1075,34,103918,GMT+8
ticks,1499432963867000000,i1709,4830,4835,1167,4830,1083,24,103942,GMT+8
ticks,1499432964377000000,i1709,4835,4835,1152,4830,1007,36,103978,GMT+8
ticks,1499432964876000000,i1709,4835,4835,1138,4830,1006,34,104012,GMT+8
ticks,1499432965364000000,i1709,4835,4835,1079,4830,1059,122,104134,GMT+8
ticks,1499432965874000000,i1709,4835,4835,1061,4830,1038,52,104186,GMT+8
ticks,1499432966376000000,i1709,4830,4830,879,4825,1586,2138,106324,GMT+8
ticks,1499432966862000000,i1709,4830,4830,1134,4825,1479,24,106348,GMT+8
ticks,1499432967362000000,i1709,4830,4830,1285,4825,1447,44,106392,GMT+8
ticks,1499432967874000000,i1709,4830,4830,1265,4825,1445,42,106434,GMT+8
ticks,1499432968353000000,i1709,4825,4830,1264,4825,1436,24,106458,GMT+8
ticks,1499432968857000000,i1709,4830,4830,1237,4825,1434,62,106520,GMT+8
ticks,1499432969371000000,i1709,4825,4830,1238,4825,1447,10,106530,GMT+8
ticks,1499432969797000000,i1709,4830,4830,1260,4825,1447,34,106564,GMT+8
ticks,1499432970335000000,i1709,4830,4830,1249,4825,1463,14,106578,GMT+8
ticks,1499432970821000000,i1709,4830,4830,1189,4825,1465,124,106702,GMT+8
ticks,1499432971309000000,i1709,4830,4830,1190,4825,1465,4,106706,GMT+8
ticks,1499432971847000000,i1709,4830,4830,1169,4825,1465,46,106752,GMT+8
ticks,1499432972303000000,i1709,4830,4830,1068,4825,906,322,107074,GMT+8
ticks,1499432972876000000,i1709,4830,4830,418,4825,921,1016,108090,GMT+8
ticks,1499432973362000000,i1709,4830,4830,315,4825,915,74,108164,GMT+8
ticks,1499432973871000000,i1709,4830,4830,318,4825,937,12,108176,GMT+8
ticks,1499432974376000000,i1709,4825,4830,317,4825,935,16,108192,GMT+8
ticks,1499432974864000000,i1709,4830,4830,357,4825,932,20,108212,GMT+8
ticks,1499432975368000000,i1709,4825,4830,484,4825,868,26,108238,GMT+8
ticks,1499432975862000000,i1709,4825,4830,330,4825,759,442,108680,GMT+8
ticks,1499432976370000000,i1709,4830,4830,430,4825,752,6,108686,GMT+8
ticks,1499432976862000000,i1709,4830,4830,600,4825,781,24,108710,GMT+8
ticks,1499432977366000000,i1709,4830,4830,681,4825,782,2,108712,GMT+8
ticks,1499432977871000000,i1709,4825,4830,692,4825,779,8,108720,GMT+8
ticks,1499432978317000000,i1709,4830,4830,777,4825,779,28,108748,GMT+8
ticks,1499432978862000000,i1709,4825,4830,800,4825,771,20,108768,GMT+8
ticks,1499432979367000000,i1709,4825,4830,788,4825,770,34,108802,GMT+8
ticks,1499432979871000000,i1709,4830,4830,788,4825,872,4,108806,GMT+8
ticks,1499432980372000000,i1709,4830,4830,944,4825,868,38,108844,GMT+8
ticks,1499432980703000000,i1709,4825,4830,902,4825,789,162,109006,GMT+8
ticks,1499432981362000000,i1709,4830,4830,905,4825,790,4,109010,GMT+8
ticks,1499432981863000000,i1709,4825,4830,906,4825,791,24,109034,GMT+8
ticks,1499432982350000000,i1709,4830,4830,1011,4825,829,12,109046,GMT+8
ticks,1499432982840000000,i1709,4830,4830,1011,4825,833,4,109050,GMT+8
ticks,1499432983361000000,i1709,4825,4830,1012,4825,843,16,109066,GMT+8
ticks,1499432983855000000,i1709,4830,4830,1008,4825,845,12,109078,GMT+8
ticks,1499432984357000000,i1709,4830,4830,1010,4825,886,6,109084,GMT+8
ticks,1499432984877000000,i1709,4830,4830,1010,4825,891,6,109090,GMT+8
ticks,1499432985376000000,i1709,4825,4830,1017,4825,894,6,109096,GMT+8
ticks,1499432985851000000,i1709,4825,4830,1014,4825,889,30,109126,GMT+8
ticks,1499432986378000000,i1709,4830,4830,1002,4825,870,72,109198,GMT+8
ticks,1499432986864000000,i1709,4830,4830,980,4825,873,62,109260,GMT+8
ticks,1499432987355000000,i1709,4830,4830,979,4825,872,8,109268,GMT+8
ticks,1499432987821000000,i1709,4830,4830,977,4825,881,26,109294,GMT+8
ticks,1499432988375000000,i1709,4830,4830,992,4825,879,22,109316,GMT+8
ticks,1499432988862000000,i1709,4830,4830,993,4825,880,8,109324,GMT+8
ticks,1499432989343000000,i1709,4830,4830,984,4825,883,84,109408,GMT+8
ticks,1499432989862000000,i1709,4830,4830,968,4825,867,32,109440,GMT+8
ticks,1499432990366000000,i1709,4830,4830,968,4825,885,2,109442,GMT+8
ticks,1499432990870000000,i1709,4830,4830,867,4825,884,236,109678,GMT+8
ticks,1499432991355000000,i1709,4830,4830,880,4825,886,6,109684,GMT+8
ticks,1499432991876000000,i1709,4830,4830,871,4825,889,30,109714,GMT+8
ticks,1499432992379000000,i1709,4830,4830,849,4825,898,48,109762,GMT+8
ticks,1499432992796000000,i1709,4830,4830,847,4825,898,10,109772,GMT+8
ticks,1499432993363000000,i1709,4830,4830,603,4825,874,562,110334,GMT+8
ticks,1499432993788000000,i1709,4830,4830,611,4825,879,6,110340,GMT+8
ticks,1499432994374000000,i1709,4830,4835,1373,4830,352,1444,111784,GMT+8
ticks,1499432994871000000,i1709,4830,4835,1370,4830,525,216,112000,GMT+8
ticks,1499432995379000000,i1709,4835,4835,1370,4830,579,4,112004,GMT+8
ticks,1499432995813000000,i1709,4835,4835,1368,4830,617,14,112018,GMT+8
ticks,1499432996378000000,i1709,4835,4835,1365,4830,626,6,112024,GMT+8
ticks,1499432996876000000,i1709,4830,4835,1366,4830,733,20,112044,GMT+8
ticks,1499432997342000000,i1709,4830,4835,1366,4830,762,2,112046,GMT+8
ticks,1499432997878000000,i1709,4835,4835,1367,4830,789,16,112062,GMT+8
ticks,1499432998287000000,i1709,4830,4835,1369,4830,793,4,112066,GMT+8
ticks,1499432998858000000,i1709,4835,4835,1346,4830,792,50,112116,GMT+8
ticks,1499432999338000000,i1709,4835,4835,1345,4830,874,14,112130,GMT+8
ticks,1499432999818000000,i1709,4830,4835,1380,4830,899,26,112156,GMT+8
ticks,1499433000366000000,i1709,4830,4835,1379,4830,796,214,112370,GMT+8
ticks,1499433000871000000,i1709,4835,4835,1361,4830,808,40,112410,GMT+8
ticks,1499433001368000000,i1709,4830,4835,1307,4830,740,142,112552,GMT+8
ticks,1499433001861000000,i1709,4835,4835,1312,4830,740,8,112560,GMT+8
ticks,1499433002310000000,i1709,4835,4835,1366,4830,776,42,112602,GMT+8
ticks,1499433002868000000,i1709,4835,4835,1357,4830,782,20,112622,GMT+8
ticks,1499433003313000000,i1709,4835,4835,1352,4830,775,26,112648,GMT+8
ticks,1499433003875000000,i1709,4830,4835,1353,4830,767,30,112678,GMT+8
ticks,1499433004372000000,i1709,4830,4835,1371,4830,779,4,112682,GMT+8
ticks,1499433004867000000,i1709,4830,4835,1362,4830,561,510,113192,GMT+8
ticks,1499433005363000000,i1709,4830,4835,1475,4830,556,26,113218,GMT+8
ticks,1499433005843000000,i1709,4830,4835,1315,4830,555,324,113542,GMT+8
ticks,1499433006379000000,i1709,4835,4835,1262,4830,474,310,113852,GMT+8
ticks,1499433006862000000,i1709,4835,4835,1258,4830,570,22,113874,GMT+8
ticks,1499433007327000000,i1709,4830,4835,1263,4830,580,82,113956,GMT+8
ticks,1499433007876000000,i1709,4835,4835,1262,4830,681,18,113974,GMT+8
ticks,1499433008363000000,i1709,4835,4835,1260,4830,719,2,113976,GMT+8
ticks,1499433008862000000,i1709,4835,4835,1242,4830,756,62,114038,GMT+8
ticks,1499433009272000000,i1709,4835,4835,1139,4830,759,10,114048,GMT+8
ticks,1499433009831000000,i1709,4835,4835,1135,4830,760,30,114078,GMT+8
ticks,1499433010337000000,i1709,4830,4835,1136,4830,760,4,114082,GMT+8
ticks,1499433010870000000,i1709,4830,4835,242,4830,776,1810,115892,GMT+8
ticks,1499433011377000000,i1709,4835,4840,1889,4835,1363,550,116442,GMT+8
ticks,1499433011861000000,i1709,4840,4840,1774,4835,1605,8,116450,GMT+8
ticks,1499433012346000000,i1709,4840,4840,1685,4835,1650,294,116744,GMT+8
ticks,1499433012870000000,i1709,4835,4840,1743,4835,1636,358,117102,GMT+8
ticks,1499433013376000000,i1709,4840,4840,1728,4835,1626,58,117160,GMT+8
ticks,1499433013837000000,i1709,4835,4840,1727,4835,1641,16,117176,GMT+8
ticks,1499433014342000000,i1709,4840,4840,1751,4835,1633,66,117242,GMT+8
ticks,1499433014871000000,i1709,4840,4840,1828,4835,1633,54,117296,GMT+8
ticks,1499433015375000000,i1709,4835,4840,1794,4835,1642,64,117360,GMT+8
ticks,1499433015876000000,i1709,4835,4840,1791,4835,1605,22,117382,GMT+8
ticks,1499433016364000000,i1709,4835,4840,1790,4835,1588,28,117410,GMT+8
ticks,1499433016867000000,i1709,4840,4840,1768,4835,1589,44,117454,GMT+8
ticks,1499433017373000000,i1709,4840,4840,1674,4835,1587,208,117662,GMT+8
ticks,1499433017788000000,i1709,4840,4840,1668,4835,1596,14,117676,GMT+8
ticks,1499433018373000000,i1709,4840,4840,1630,4835,1602,94,117770,GMT+8
ticks,1499433018864000000,i1709,4835,4835,1145,4830,996,3428,121198,GMT+8
ticks,1499433019379000000,i1709,4830,4835,1189,4830,1201,74,121272,GMT+8
ticks,1499433019878000000,i1709,4835,4835,1327,4830,1186,50,121322,GMT+8
ticks,1499433020378000000,i1709,4835,4835,1331,4830,1154,28,121350,GMT+8
ticks,1499433020870000000,i1709,4835,4835,1393,4830,1054,238,121588,GMT+8
ticks,1499433021364000000,i1709,4835,4835,1397,4830,1045,20,121608,GMT+8
ticks,1499433021877000000,i1709,4835,4835,1395,4830,1042,10,121618,GMT+8
ticks,1499433022368000000,i1709,4835,4835,1404,4830,899,12,121630,GMT+8
ticks,1499433022862000000,i1709,4835,4835,1403,4830,895,8,121638,GMT+8
ticks,1499433023362000000,i1709,4830,4835,1412,4830,845,30,121668,GMT+8
ticks,1499433023877000000,i1709,4830,4835,1404,4830,853,28,121696,GMT+8
ticks,1499433024374000000,i1709,4835,4835,1415,4830,855,54,121750,GMT+8
ticks,1499433024869000000,i1709,4835,4835,1395,4830,851,58,121808,GMT+8
ticks,1499433025363000000,i1709,4830,4835,1401,4830,848,18,121826,GMT+8
ticks,1499433025862000000,i1709,4835,4835,1410,4830,853,6,121832,GMT+8
ticks,1499433026376000000,i1709,4830,4835,1412,4830,863,4,121836,GMT+8
ticks,1499433026877000000,i1709,4835,4835,1424,4830,1004,38,121874,GMT+8
ticks,1499433027368000000,i1709,4830,4835,1415,4830,1019,22,121896,GMT+8
ticks,1499433027864000000,i1709,4830,4830,318,4825,961,1766,123662,GMT+8
ticks,1499433028377000000,i1709,4830,4830,463,4825,839,34,123696,GMT+8
ticks,1499433028879000000,i1709,4830,4830,430,4825,858,96,123792,GMT+8
ticks,1499433029357000000,i1709,4830,4830,479,4825,848,14,123806,GMT+8
ticks,1499433029877000000,i1709,4825,4830,1966,4825,885,42,123848,GMT+8
ticks,1499433030322000000,i1709,4830,4830,2042,4825,835,68,123916,GMT+8
ticks,1499433030862000000,i1709,4830,4830,1961,4825,838,166,124082,GMT+8
ticks,1499433031363000000,i1709,4825,4830,1970,4825,837,10,124092,GMT+8
ticks,1499433031862000000,i1709,4830,4830,1982,4825,859,24,124116,GMT+8
ticks,1499433032362000000,i1709,4830,4830,1912,4825,743,234,124350,GMT+8
ticks,1499433032879000000,i1709,4830,4830,452,4825,825,132,124482,GMT+8
ticks,1499433033342000000,i1709,4830,4830,468,4825,824,4,124486,GMT+8
ticks,1499433033865000000,i1709,4830,4830,494,4825,786,14,124500,GMT+8
ticks,1499433034366000000,i1709,4830,4830,492,4825,784,6,124506,GMT+8
ticks,1499433034862000000,i1709,4830,4830,485,4825,770,60,124566,GMT+8
ticks,1499433035358000000,i1709,4825,4830,488,4825,768,4,124570,GMT+8
ticks,1499433035865000000,i1709,4830,4830,486,4825,778,6,124576,GMT+8
ticks,1499433036343000000,i1709,4830,4830,477,4825,888,28,124604,GMT+8
ticks,1499433036863000000,i1709,4825,4830,478,4825,888,2,124606,GMT+8
ticks,1499433037373000000,i1709,4830,4830,571,4825,848,62,124668,GMT+8
ticks,1499433037863000000,i1709,4830,4830,578,4825,851,6,124674,GMT+8
ticks,1499433038362000000,i1709,4825,4830,578,4825,852,2,124676,GMT+8
ticks,1499433038862000000,i1709,4830,4830,1932,4825,730,94,124770,GMT+8
ticks,1499433039377000000,i1709,4825,4830,2079,4825,708,48,124818,GMT+8
ticks,1499433039875000000,i1709,4825,4830,2078,4825,707,8,124826,GMT+8
ticks,1499433040336000000,i1709,4825,4830,2099,4825,592,150,124976,GMT+8
ticks,1499433040853000000,i1709,4830,4830,2109,4825,674,16,124992,GMT+8
ticks,1499433041318000000,i1709,4830,4830,2109,4825,686,4,124996,GMT+8
ticks,1499433041863000000,i1709,4825,4830,2621,4825,684,10,125006,GMT+8
ticks,1499433042375000000,i1709,4825,4830,2617,4825,650,82,125088,GMT+8
ticks,1499433042878000000,i1709,4825,4830,2609,4825,666,52,125140,GMT+8
ticks,1499433043362000000,i1709,4825,4830,2609,4825,656,6,125146,GMT+8
ticks,1499433043856000000,i1709,4825,4830,2607,4825,663,6,125152,GMT+8
ticks,1499433044346000000,i1709,4825,4830,2609,4825,659,14,125166,GMT+8
ticks,1499433044872000000,i1709,4830,4830,2628,4825,635,30,125196,GMT+8
ticks,1499433045341000000,i1709,4830,4830,2627,4825,693,2,125198,GMT+8
ticks,1499433045851000000,i1709,4830,4830,2605,4825,686,22,125220,GMT+8
ticks,1499433046346000000,i1709,4830,4830,2607,4825,697,0,125220,GMT+8
ticks,1499433046879000000,i1709,4830,4830,2601,4825,714,52,125272,GMT+8
ticks,1499433047375000000,i1709,4830,4830,2606,4825,709,12,125284,GMT+8
ticks,1499433047861000000,i1709,4830,4830,2587,4825,712,38,125322,GMT+8
ticks,1499433048364000000,i1709,4825,4830,2600,4825,721,2,125324,GMT+8
ticks,1499433048796000000,i1709,4830,4830,2598,4825,720,24,125348,GMT+8
ticks,1499433049342000000,i1709,4830,4830,2595,4825,719,4,125352,GMT+8
ticks,1499433049862000000,i1709,4825,4830,2594,4825,712,22,125374,GMT+8
ticks,1499433050339000000,i1709,4825,4830,2609,4825,752,0,125374,GMT+8
ticks,1499433050820000000,i1709,4825,4830,2607,4825,720,8,125382,GMT+8
ticks,1499433051361000000,i1709,4825,4830,2607,4825,720,4,125386,GMT+8
ticks,1499433051872000000,i1709,4830,4830,2558,4825,733,98,125484,GMT+8
ticks,1499433052365000000,i1709,4830,4830,2504,4825,883,108,125592,GMT+8
ticks,1499433052839000000,i1709,4825,4830,2507,4825,894,8,125600,GMT+8
ticks,1499433053377000000,i1709,4825,4830,2488,4825,892,44,125644,GMT+8
ticks,1499433053844000000,i1709,4825,4830,2486,4825,979,26,125670,GMT+8
ticks,1499433054313000000,i1709,4830,4830,2437,4825,981,100,125770,GMT+8
ticks,1499433054876000000,i1709,4830,4830,3440,4825,975,4,125774,GMT+8
ticks,1499433055371000000,i1709,4825,4825,136,4820,1566,1616,127390,GMT+8
ticks,1499433055873000000,i1709,4825,4825,335,4820,1578,2,127392,GMT+8
ticks,1499433056370000000,i1709,4825,4825,223,4820,1572,138,127530,GMT+8
ticks,1499433056867000000,i1709,4825,4830,2564,4825,37,446,127976,GMT+8
ticks,1499433057362000000,i1709,4830,4830,2457,4825,212,10,127986,GMT+8
ticks,1499433057864000000,i1709,4830,4830,2450,4825,217,14,128000,GMT+8
ticks,1499433058308000000,i1709,4825,4830,2450,4825,213,10,128010,GMT+8
ticks,1499433058868000000,i1709,4825,4830,2456,4825,213,0,128010,GMT+8
ticks,1499433059369000000,i1709,4825,4825,198,4820,1594,448,128458,GMT+8
ticks,1499433059865000000,i1709,4825,4825,482,4820,1478,4,128462,GMT+8
ticks,1499433060361000000,i1709,4825,4825,488,4820,1478,68,128530,GMT+8
ticks,1499433060869000000,i1709,4825,4830,2543,4825,151,966,129496,GMT+8
ticks,1499433061376000000,i1709,4825,4830,2548,4825,1011,18,129514,GMT+8
ticks,1499433061863000000,i1709,4830,4830,2547,4825,1023,16,129530,GMT+8
ticks,1499433062213000000,i1709,4825,4830,2549,4825,1030,2,129532,GMT+8
ticks,1499433062861000000,i1709,4825,4830,2547,4825,1081,32,129564,GMT+8
ticks,1499433063361000000,i1709,4825,4830,2527,4825,269,144,129708,GMT+8
ticks,1499433063865000000,i1709,4825,4830,2511,4825,294,4,129712,GMT+8
ticks,1499433064337000000,i1709,4830,4830,2510,4825,251,104,129816,GMT+8
ticks,1499433064862000000,i1709,4825,4825,527,4820,1668,524,130340,GMT+8
ticks,1499433065356000000,i1709,4825,4825,532,4820,1598,0,130340,GMT+8
ticks,1499433065755000000,i1709,4825,4825,527,4820,1606,12,130352,GMT+8
ticks,1499433066374000000,i1709,4825,4825,529,4820,1607,0,130352,GMT+8
ticks,1499433066867000000,i1709,4825,4825,516,4820,1608,80,130432,GMT+8
ticks,1499433067371000000,i1709,4825,4825,515,4820,1623,4,130436,GMT+8
ticks,1499433067842000000,i1709,4820,4825,510,4820,1455,14,130450,GMT+8
ticks,1499433068361000000,i1709,4825,4825,697,4820,1437,34,130484,GMT+8
ticks,1499433068825000000,i1709,4820,4825,697,4820,1436,4,130488,GMT+8
ticks,1499433069347000000,i1709,4820,4825,697,4820,1435,2,130490,GMT+8
ticks,1499433069805000000,i1709,4825,4825,685,4820,1434,24,130514,GMT+8
ticks,1499433070361000000,i1709,4825,4825,687,4820,1544,10,130524,GMT+8
ticks,1499433070781000000,i1709,4825,4825,689,4820,1540,12,130536,GMT+8
ticks,1499433071353000000,i1709,4825,4825,688,4820,1539,4,130540,GMT+8
ticks,1499433071848000000,i1709,4825,4825,689,4820,1535,22,130562,GMT+8
ticks,1499433072348000000,i1709,4825,4825,649,4820,1539,80,130642,GMT+8
ticks,1499433072836000000,i1709,4820,4825,649,4820,1547,6,130648,GMT+8
ticks,1499433073265000000,i1709,4820,4825,651,4820,1557,0,130648,GMT+8
ticks,1499433073854000000,i1709,4825,4825,661,4820,1557,4,130652,GMT+8
ticks,1499433074200000000,i1709,4820,4825,661,4820,1557,2,130654,GMT+8
ticks,1499433074876000000,i1709,4820,4825,646,4820,1551,44,130698,GMT+8
ticks,1499433075363000000,i1709,4825,4825,644,4820,1549,16,130714,GMT+8
ticks,1499433075834000000,i1709,4820,4825,643,4820,1549,6,130720,GMT+8
ticks,1499433076348000000,i1709,4825,4825,642,4820,1549,2,130722,GMT+8
ticks,1499433076852000000,i1709,4825,4825,643,4820,1549,2,130724,GMT+8
ticks,1499433077370000000,i1709,4825,4825,644,4820,1553,0,130724,GMT+8
ticks,1499433077860000000,i1709,4825,4825,638,4820,1545,14,130738,GMT+8
ticks,1499433078362000000,i1709,4825,4825,637,4820,1567,6,130744,GMT+8
ticks,1499433078825000000,i1709,4825,4825,634,4820,1547,6,130750,GMT+8
ticks,1499433079376000000,i1709,4825,4825,635,4820,1550,0,130750,GMT+8
ticks,1499433079862000000,i1709,4825,4825,634,4820,1553,24,130774,GMT+8
ticks,1499433080361000000,i1709,4820,4825,650,4820,1551,18,130792,GMT+8
ticks,1499433080862000000,i1709,4825,4825,660,4820,1547,2,130794,GMT+8
ticks,1499433081362000000,i1709,4820,4825,668,4820,1551,2,130796,GMT+8
ticks,1499433081821000000,i1709,4825,4825,671,4820,1548,8,130804,GMT+8
ticks,1499433082310000000,i1709,4820,4825,671,4820,1548,4,130808,GMT+8
ticks,1499433082870000000,i1709,4825,4830,2036,4825,565,1018,131826,GMT+8
ticks,1499433083366000000,i1709,4825,4830,2036,4825,473,212,132038,GMT+8
ticks,1499433083749000000,i1709,4825,4830,2033,4825,440,168,132206,GMT+8
ticks,1499433084377000000,i1709,4825,4830,2033,4825,434,14,132220,GMT+8
ticks,1499433084870000000,i1709,4825,4830,2029,4825,164,1318,133538,GMT+8
ticks,1499433085361000000,i1709,4825,4830,2120,4825,213,236,133774,GMT+8
ticks,1499433085798000000,i1709,4825,4825,293,4820,8928,430,134204,GMT+8
ticks,1499433086311000000,i1709,4825,4825,355,4820,8928,10,134214,GMT+8
ticks,1499433086873000000,i1709,4825,4825,485,4820,8924,2,134216,GMT+8
ticks,1499433087364000000,i1709,4825,4825,586,4820,8894,6,134222,GMT+8
ticks,1499433087836000000,i1709,4825,4825,576,4820,8896,22,134244,GMT+8
ticks,1499433088362000000,i1709,4825,4825,1275,4820,8893,4,134248,GMT+8
ticks,1499433088862000000,i1709,4825,4825,1385,4820,8893,62,134310,GMT+8
ticks,1499433089361000000,i1709,4820,4825,1546,4820,8382,160,134470,GMT+8
ticks,1499433089871000000,i1709,4815,4820,787,4815,872,2478,136948,GMT+8
ticks,1499433090372000000,i1709,4820,4820,855,4815,727,108,137056,GMT+8
ticks,1499433090867000000,i1709,4815,4820,909,4815,724,46,137102,GMT+8
ticks,1499433091329000000,i1709,4820,4820,907,4815,711,42,137144,GMT+8
ticks,1499433091761000000,i1709,4820,4820,887,4815,710,42,137186,GMT+8
ticks,1499433092313000000,i1709,4820,4820,888,4815,710,0,137186,GMT+8
ticks,1499433092861000000,i1709,4815,4820,889,4815,749,20,137206,GMT+8
ticks,1499433093380000000,i1709,4820,4820,886,4815,759,8,137214,GMT+8
ticks,1499433093868000000,i1709,4820,4820,884,4815,758,10,137224,GMT+8
ticks,1499433094373000000,i1709,4820,4820,918,4815,771,0,137224,GMT+8
ticks,1499433094862000000,i1709,4820,4820,909,4815,759,38,137262,GMT+8
ticks,1499433095299000000,i1709,4815,4820,910,4815,757,6,137268,GMT+8
ticks,1499433095862000000,i1709,4815,4820,876,4815,746,14,137282,GMT+8
ticks,1499433096372000000,i1709,4820,4820,904,4815,730,36,137318,GMT+8
ticks,1499433096869000000,i1709,4815,4820,895,4815,718,46,137364,GMT+8
ticks,1499433097260000000,i1709,4815,4820,896,4815,710,18,137382,GMT+8
ticks,1499433097854000000,i1709,4815,4820,895,4815,700,22,137404,GMT+8
ticks,1499433098379000000,i1709,4815,4820,860,4815,713,92,137496,GMT+8
ticks,1499433098857000000,i1709,4815,4820,853,4815,680,60,137556,GMT+8
ticks,1499433099369000000,i1709,4815,4820,886,4815,669,24,137580,GMT+8
ticks,1499433099874000000,i1709,4820,4820,885,4815,683,2,137582,GMT+8
ticks,1499433100372000000,i1709,4815,4820,891,4815,683,6,137588,GMT+8
ticks,1499433100812000000,i1709,4815,4820,891,4815,701,2,137590,GMT+8
ticks,1499433101371000000,i1709,4815,4820,897,4815,697,6,137596,GMT+8
ticks,1499433101850000000,i1709,4815,4820,905,4815,695,8,137604,GMT+8
ticks,1499433102376000000,i1709,4815,4820,910,4815,694,2,137606,GMT+8
ticks,1499433102808000000,i1709,4815,4820,908,4815,593,10,137616,GMT+8
ticks,1499433103363000000,i1709,4820,4820,907,4815,613,2,137618,GMT+8
ticks,1499433103861000000,i1709,4815,4820,895,4815,619,44,137662,GMT+8
ticks,1499433104362000000,i1709,4815,4820,895,4815,607,4,137666,GMT+8
ticks,1499433104834000000,i1709,4820,4820,893,4815,625,6,137672,GMT+8
ticks,1499433105377000000,i1709,4815,4820,890,4815,611,12,137684,GMT+8
ticks,1499433105758000000,i1709,4815,4820,893,4815,601,6,137690,GMT+8
ticks,1499433106327000000,i1709,4815,4820,887,4815,601,14,137704,GMT+8
ticks,1499433106879000000,i1709,4815,4820,884,4815,600,14,137718,GMT+8
ticks,1499433107380000000,i1709,4815,4820,884,4815,595,0,137718,GMT+8
ticks,1499433107835000000,i1709,4815,4820,891,4815,595,2,137720,GMT+8
ticks,1499433108361000000,i1709,4820,4820,891,4815,622,2,137722,GMT+8
ticks,1499433108855000000,i1709,4820,4820,903,4815,620,2,137724,GMT+8
ticks,1499433109374000000,i1709,4815,4820,893,4815,596,48,137772,GMT+8
