name,time,symbol,last,ask_price,ask_size,bid_price,bid_size,volume,total_volume,timezone
ticks,1499691600000000000,i1709,4790,4795,257,4790,169,1174,1174,GMT+8
ticks,1499691600383000000,i1709,4800,4800,611,4790,324,1230,2404,GMT+8
ticks,1499691600890000000,i1709,4795,4800,642,4790,420,490,2894,GMT+8
ticks,1499691601400000000,i1709,4795,4800,648,4795,63,92,2986,GMT+8
ticks,1499691601900000000,i1709,4800,4800,532,4795,50,246,3232,GMT+8
ticks,1499691602388000000,i1709,4800,4800,526,4795,34,122,3354,GMT+8
ticks,1499691602897000000,i1709,4795,4800,549,4795,39,110,3464,GMT+8
ticks,1499691603365000000,i1709,4795,4800,549,4795,26,30,3494,GMT+8
ticks,1499691603872000000,i1709,4795,4800,546,4795,21,12,3506,GMT+8
ticks,1499691604400000000,i1709,4800,4800,434,4795,15,372,3878,GMT+8
ticks,1499691604888000000,i1709,4790,4795,4,4790,702,120,3998,GMT+8
ticks,1499691605397000000,i1709,4790,4795,167,4790,871,96,4094,GMT+8
ticks,1499691605886000000,i1709,4795,4795,396,4790,873,46,4140,GMT+8
ticks,1499691606384000000,i1709,4795,4795,520,4790,778,232,4372,GMT+8
ticks,1499691606894000000,i1709,4795,4795,512,4790,861,24,4396,GMT+8
ticks,1499691607381000000,i1709,4790,4795,512,4790,725,138,4534,GMT+8
ticks,1499691607835000000,i1709,4795,4795,518,4790,743,2,4536,GMT+8
ticks,1499691608398000000,i1709,4795,4795,519,4790,516,24,4560,GMT+8
ticks,1499691608883000000,i1709,4790,4795,568,4790,555,238,4798,GMT+8
ticks,1499691609388000000,i1709,4790,4795,574,4790,565,56,4854,GMT+8
ticks,1499691609882000000,i1709,4790,4795,567,4790,467,210,5064,GMT+8
ticks,1499691610398000000,i1709,4795,4795,758,4790,458,10,5074,GMT+8
ticks,1499691610885000000,i1709,4790,4795,754,4790,540,56,5130,GMT+8
ticks,1499691611379000000,i1709,4790,4795,677,4790,474,112,5242,GMT+8
ticks,1499691611887000000,i1709,4790,4795,678,4790,507,2,5244,GMT+8
ticks,1499691612366000000,i1709,4790,4795,702,4790,472,38,5282,GMT+8
ticks,1499691612886000000,i1709,4790,4795,696,4790,353,46,5328,GMT+8
ticks,1499691613343000000,i1709,4790,4795,696,4790,369,6,5334,GMT+8
ticks,1499691613860000000,i1709,4790,4795,691,4790,363,22,5356,GMT+8
ticks,1499691614377000000,i1709,4790,4795,687,4790,461,20,5376,GMT+8
ticks,1499691614840000000,i1709,4795,4795,678,4790,377,186,5562,GMT+8
ticks,1499691615349000000,i1709,4795,4795,690,4790,412,4,5566,GMT+8
ticks,1499691615895000000,i1709,4790,4795,907,4790,411,14,5580,GMT+8
ticks,1499691616377000000,i1709,4790,4795,911,4790,398,36,5616,GMT+8
ticks,1499691616890000000,i1709,4795,4795,904,4790,446,26,5642,GMT+8
ticks,1499691617317000000,i1709,4790,4795,911,4790,504,22,5664,GMT+8
ticks,1499691617872000000,i1709,4790,4795,916,4790,490,56,5720,GMT+8
ticks,1499691618393000000,i1709,4790,4795,912,4790,479,32,5752,GMT+8
ticks,1499691618874000000,i1709,4790,4795,827,4790,477,206,5958,GMT+8
ticks,1499691619366000000,i1709,4790,4795,818,4790,465,34,5992,GMT+8
ticks,1499691619894000000,i1709,4795,4795,845,4790,463,14,6006,GMT+8
ticks,1499691620374000000,i1709,4790,4795,845,4790,540,2,6008,GMT+8
ticks,1499691620830000000,i1709,4790,4795,827,4790,539,50,6058,GMT+8
ticks,1499691621384000000,i1709,4795,4795,824,4790,710,10,6068,GMT+8
ticks,1499691621874000000,i1709,4790,4795,824,4790,725,4,6072,GMT+8
ticks,1499691622394000000,i1709,4795,4795,820,4790,723,16,6088,GMT+8
ticks,1499691622847000000,i1709,4795,4795,820,4790,723,2,6090,GMT+8
ticks,1499691623372000000,i1709,4790,4795,817,4790,722,20,6110,GMT+8
ticks,1499691623785000000,i1709,4795,4795,815,4790,724,2,6112,GMT+8
ticks,1499691624389000000,i1709,4790,4795,818,4790,717,18,6130,GMT+8
ticks,1499691624870000000,i1709,4790,4795,811,4790,528,408,6538,GMT+8
ticks,1499691625392000000,i1709,4790,4795,618,4790,480,114,6652,GMT+8
ticks,1499691625885000000,i1709,4790,4795,618,4790,469,24,6676,GMT+8
ticks,1499691626382000000,i1709,4790,4795,607,4790,504,34,6710,GMT+8
ticks,1499691626885000000,i1709,4795,4795,602,4790,531,10,6720,GMT+8
ticks,1499691627360000000,i1709,4790,4795,501,4790,566,12,6732,GMT+8
ticks,1499691627869000000,i1709,4790,4795,488,4790,572,4,6736,GMT+8
ticks,1499691628378000000,i1709,4795,4795,246,4790,603,456,7192,GMT+8
ticks,1499691628900000000,i1709,4795,4800,1248,4795,647,514,7706,GMT+8
ticks,1499691629369000000,i1709,4800,4800,1235,4795,709,36,7742,GMT+8
ticks,1499691629828000000,i1709,4795,4800,1237,4795,776,2,7744,GMT+8
ticks,1499691630332000000,i1709,4795,4800,1236,4795,779,8,7752,GMT+8
ticks,1499691630865000000,i1709,4795,4800,1236,4795,771,14,7766,GMT+8
ticks,1499691631321000000,i1709,4800,4800,1229,4795,771,16,7782,GMT+8
ticks,1499691631796000000,i1709,4795,4800,1224,4795,778,62,7844,GMT+8
ticks,1499691632330000000,i1709,4795,4800,1224,4795,771,14,7858,GMT+8
ticks,1499691632827000000,i1709,4800,4800,1220,4795,771,10,7868,GMT+8
ticks,1499691633378000000,i1709,4795,4800,1220,4795,769,4,7872,GMT+8
ticks,1499691633883000000,i1709,4800,4800,1214,4795,774,12,7884,GMT+8
ticks,1499691634298000000,i1709,4800,4800,1214,4795,775,2,7886,GMT+8
ticks,1499691634889000000,i1709,4800,4800,1218,4795,779,14,7900,GMT+8
ticks,1499691635167000000,i1709,4800,4800,1221,4795,780,0,7900,GMT+8
ticks,1499691635895000000,i1709,4800,4800,1214,4795,780,20,7920,GMT+8
ticks,1499691636397000000,i1709,4795,4800,1210,4795,656,252,8172,GMT+8
ticks,1499691636800000000,i1709,4800,4800,1190,4795,628,60,8232,GMT+8
ticks,1499691637396000000,i1709,4800,4800,1199,4795,627,6,8238,GMT+8
ticks,1499691637884000000,i1709,4800,4800,1187,4795,631,26,8264,GMT+8
ticks,1499691638367000000,i1709,4795,4800,1183,4795,629,18,8282,GMT+8
ticks,1499691638898000000,i1709,4800,4800,1110,4795,626,182,8464,GMT+8
ticks,1499691639332000000,i1709,4800,4800,1059,4795,627,104,8568,GMT+8
ticks,1499691639887000000,i1709,4800,4800,1006,4795,653,108,8676,GMT+8
ticks,1499691640402000000,i1709,4800,4800,998,4795,654,18,8694,GMT+8
ticks,1499691640802000000,i1709,4800,4800,997,4795,658,2,8696,GMT+8
ticks,1499691641364000000,i1709,4800,4800,925,4795,642,202,8898,GMT+8
ticks,1499691641879000000,i1709,4800,4800,900,4795,639,54,8952,GMT+8
ticks,1499691642386000000,i1709,4800,4800,889,4795,654,28,8980,GMT+8
ticks,1499691642882000000,i1709,4795,4800,888,4795,650,8,8988,GMT+8
ticks,1499691643381000000,i1709,4800,4800,874,4795,683,12,9000,GMT+8
ticks,1499691643894000000,i1709,4800,4800,869,4795,682,20,9020,GMT+8
ticks,1499691644301000000,i1709,4800,4800,867,4795,702,6,9026,GMT+8
ticks,1499691644845000000,i1709,4800,4800,859,4795,710,24,9050,GMT+8
ticks,1499691645392000000,i1709,4795,4800,861,4795,690,44,9094,GMT+8
ticks,1499691645825000000,i1709,4800,4800,807,4795,689,120,9214,GMT+8
ticks,1499691646391000000,i1709,4800,4800,808,4795,689,12,9226,GMT+8
ticks,1499691646840000000,i1709,4800,4800,766,4795,689,94,9320,GMT+8
ticks,1499691647397000000,i1709,4800,4800,729,4795,684,84,9404,GMT+8
ticks,1499691647793000000,i1709,4795,4800,716,4795,701,28,9432,GMT+8
ticks,1499691648291000000,i1709,4800,4800,709,4795,710,14,9446,GMT+8
ticks,1499691648835000000,i1709,4800,4800,643,4795,1446,102,9548,GMT+8
ticks,1499691649329000000,i1709,4800,4800,601,4795,1448,20,9568,GMT+8
ticks,1499691649894000000,i1709,4800,4800,560,4795,1465,264,9832,GMT+8
ticks,1499691650391000000,i1709,4800,4800,550,4795,1479,24,9856,GMT+8
ticks,1499691650886000000,i1709,4800,4800,509,4795,1480,106,9962,GMT+8
ticks,1499691651358000000,i1709,4800,4800,459,4795,1479,104,10066,GMT+8
ticks,1499691651895000000,i1709,4800,4800,445,4795,1475,82,10148,GMT+8
ticks,1499691652339000000,i1709,4800,4800,416,4795,1475,28,10176,GMT+8
ticks,1499691652896000000,i1709,4800,4800,408,4795,1473,18,10194,GMT+8
ticks,1499691653387000000,i1709,4800,4800,328,4795,1477,168,10362,GMT+8
ticks,1499691653892000000,i1709,4800,4800,338,4795,1268,434,10796,GMT+8
ticks,1499691654362000000,i1709,4800,4800,320,4795,1267,116,10912,GMT+8
ticks,1499691654869000000,i1709,4800,4800,323,4795,1265,26,10938,GMT+8
ticks,1499691655388000000,i1709,4800,4805,1086,4800,7,838,11776,GMT+8
ticks,1499691655882000000,i1709,4800,4805,1271,4800,43,8,11784,GMT+8
ticks,1499691656398000000,i1709,4805,4805,1203,4800,212,24,11808,GMT+8
ticks,1499691656889000000,i1709,4800,4805,1176,4800,300,66,11874,GMT+8
ticks,1499691657386000000,i1709,4805,4805,1123,4800,326,104,11978,GMT+8
ticks,1499691657833000000,i1709,4800,4805,1123,4800,328,2,11980,GMT+8
ticks,1499691658367000000,i1709,4800,4805,1123,4800,337,2,11982,GMT+8
ticks,1499691658898000000,i1709,4800,4805,1117,4800,386,14,11996,GMT+8
ticks,1499691659305000000,i1709,4800,4805,1117,4800,403,0,11996,GMT+8
ticks,1499691659892000000,i1709,4800,4805,1113,4800,393,28,12024,GMT+8
ticks,1499691660390000000,i1709,4800,4805,1109,4800,424,22,12046,GMT+8
ticks,1499691660880000000,i1709,4805,4805,1103,4800,426,18,12064,GMT+8
ticks,1499691661402000000,i1709,4800,4805,1080,4800,424,56,12120,GMT+8
ticks,1499691661895000000,i1709,4800,4805,1088,4800,425,8,12128,GMT+8
ticks,1499691662379000000,i1709,4805,4805,1088,4800,453,2,12130,GMT+8
ticks,1499691662821000000,i1709,4805,4810,790,4805,417,2174,14304,GMT+8
ticks,1499691663401000000,i1709,4805,4810,753,4805,1183,70,14374,GMT+8
ticks,1499691663849000000,i1709,4810,4810,718,4805,1315,58,14432,GMT+8
ticks,1499691664378000000,i1709,4805,4810,634,4805,1353,80,14512,GMT+8
ticks,1499691664833000000,i1709,4810,4810,598,4805,1362,72,14584,GMT+8
ticks,1499691665399000000,i1709,4805,4810,519,4805,1359,160,14744,GMT+8
ticks,1499691665860000000,i1709,4810,4810,499,4805,1368,42,14786,GMT+8
ticks,1499691666393000000,i1709,4810,4810,377,4805,1387,264,15050,GMT+8
ticks,1499691666899000000,i1709,4810,4815,665,4810,241,778,15828,GMT+8
ticks,1499691667400000000,i1709,4810,4810,304,4805,1332,1082,16910,GMT+8
ticks,1499691667892000000,i1709,4810,4815,709,4810,22,690,17600,GMT+8
ticks,1499691668392000000,i1709,4815,4815,793,4810,110,252,17852,GMT+8
ticks,1499691668901000000,i1709,4810,4815,718,4810,204,222,18074,GMT+8
ticks,1499691669337000000,i1709,4810,4815,737,4810,280,26,18100,GMT+8
ticks,1499691669882000000,i1709,4810,4815,661,4810,301,140,18240,GMT+8
ticks,1499691670370000000,i1709,4815,4815,640,4810,292,62,18302,GMT+8
ticks,1499691670877000000,i1709,4815,4815,614,4810,428,22,18324,GMT+8
ticks,1499691671343000000,i1709,4815,4815,628,4810,423,30,18354,GMT+8
ticks,1499691671895000000,i1709,4810,4815,631,4810,424,10,18364,GMT+8
ticks,1499691672401000000,i1709,4815,4815,629,4810,444,14,18378,GMT+8
ticks,1499691672899000000,i1709,4810,4815,527,4810,446,218,18596,GMT+8
ticks,1499691673392000000,i1709,4810,4815,510,4810,434,40,18636,GMT+8
ticks,1499691673872000000,i1709,4815,4815,506,4810,438,38,18674,GMT+8
ticks,1499691674365000000,i1709,4815,4815,510,4810,421,16,18690,GMT+8
ticks,1499691674891000000,i1709,4810,4815,512,4810,380,86,18776,GMT+8
ticks,1499691675375000000,i1709,4810,4815,511,4810,416,20,18796,GMT+8
ticks,1499691675870000000,i1709,4810,4815,432,4810,411,134,18930,GMT+8
ticks,1499691676390000000,i1709,4810,4815,450,4810,469,30,18960,GMT+8
ticks,1499691676898000000,i1709,4810,4815,450,4810,485,12,18972,GMT+8
ticks,1499691677357000000,i1709,4815,4815,447,4810,500,10,18982,GMT+8
ticks,1499691677892000000,i1709,4815,4815,464,4810,456,108,19090,GMT+8
ticks,1499691678365000000,i1709,4810,4815,487,4810,458,42,19132,GMT+8
ticks,1499691678842000000,i1709,4815,4815,443,4810,455,122,19254,GMT+8
ticks,1499691679359000000,i1709,4815,4815,434,4810,455,24,19278,GMT+8
ticks,1499691679841000000,i1709,4815,4815,445,4810,457,4,19282,GMT+8
ticks,1499691680378000000,i1709,4815,4820,745,4815,212,934,20216,GMT+8
ticks,1499691680885000000,i1709,4815,4820,769,4815,206,524,20740,GMT+8
ticks,1499691681396000000,i1709,4820,4820,754,4815,202,40,20780,GMT+8
ticks,1499691681902000000,i1709,4820,4820,387,4815,297,1028,21808,GMT+8
ticks,1499691682368000000,i1709,4815,4820,306,4815,407,242,22050,GMT+8
ticks,1499691682898000000,i1709,4820,4820,279,4815,423,64,22114,GMT+8
ticks,1499691683395000000,i1709,4820,4820,1025,4815,446,10,22124,GMT+8
ticks,1499691683865000000,i1709,4820,4820,1024,4815,572,40,22164,GMT+8
ticks,1499691684392000000,i1709,4820,4820,1017,4815,573,24,22188,GMT+8
ticks,1499691684888000000,i1709,4820,4820,963,4815,509,240,22428,GMT+8
ticks,1499691685370000000,i1709,4820,4820,1036,4815,519,18,22446,GMT+8
ticks,1499691685886000000,i1709,4820,4820,1118,4815,514,30,22476,GMT+8
ticks,1499691686394000000,i1709,4815,4820,1121,4815,539,8,22484,GMT+8
ticks,1499691686840000000,i1709,4820,4820,1247,4815,539,10,22494,GMT+8
ticks,1499691687387000000,i1709,4815,4820,1289,4815,539,40,22534,GMT+8
ticks,1499691687876000000,i1709,4815,4820,1249,4815,516,120,22654,GMT+8
ticks,1499691688388000000,i1709,4815,4820,554,4815,527,1458,24112,GMT+8
ticks,1499691688900000000,i1709,4815,4820,550,4815,524,26,24138,GMT+8
ticks,1499691689390000000,i1709,4815,4820,614,4815,522,12,24150,GMT+8
ticks,1499691689878000000,i1709,4815,4820,493,4815,532,302,24452,GMT+8
ticks,1499691690396000000,i1709,4820,4820,489,4815,520,74,24526,GMT+8
ticks,1499691690884000000,i1709,4820,4820,516,4815,514,56,24582,GMT+8
ticks,1499691691397000000,i1709,4815,4820,538,4815,504,28,24610,GMT+8
ticks,1499691691865000000,i1709,4820,4820,535,4815,505,16,24626,GMT+8
ticks,1499691692365000000,i1709,4820,4820,540,4815,504,2,24628,GMT+8
ticks,1499691692848000000,i1709,4815,4820,542,4815,504,2,24630,GMT+8
ticks,1499691693394000000,i1709,4820,4820,526,4815,523,38,24668,GMT+8
ticks,1499691693891000000,i1709,4815,4820,550,4815,714,48,24716,GMT+8
ticks,1499691694393000000,i1709,4820,4820,539,4815,716,40,24756,GMT+8
ticks,1499691694889000000,i1709,4815,4820,537,4815,714,4,24760,GMT+8
ticks,1499691695401000000,i1709,4820,4820,549,4815,714,18,24778,GMT+8
ticks,1499691695874000000,i1709,4820,4825,647,4820,219,1114,25892,GMT+8
ticks,1499691696401000000,i1709,4825,4825,727,4820,312,30,25922,GMT+8
ticks,1499691696875000000,i1709,4820,4825,588,4820,355,534,26456,GMT+8
ticks,1499691697376000000,i1709,4820,4825,588,4820,380,32,26488,GMT+8
ticks,1499691697887000000,i1709,4825,4825,577,4820,376,58,26546,GMT+8
ticks,1499691698368000000,i1709,4820,4825,577,4820,394,78,26624,GMT+8
ticks,1499691698884000000,i1709,4825,4825,570,4820,384,48,26672,GMT+8
ticks,1499691699396000000,i1709,4825,4825,540,4820,383,176,26848,GMT+8
ticks,1499691699901000000,i1709,4820,4825,560,4820,312,184,27032,GMT+8
ticks,1499691700395000000,i1709,4825,4825,562,4820,321,28,27060,GMT+8
ticks,1499691700902000000,i1709,4820,4825,609,4820,275,98,27158,GMT+8
ticks,1499691701402000000,i1709,4820,4825,603,4820,261,172,27330,GMT+8
ticks,1499691701897000000,i1709,4820,4825,612,4820,174,160,27490,GMT+8
ticks,1499691702397000000,i1709,4820,4820,308,4815,656,368,27858,GMT+8
ticks,1499691702893000000,i1709,4815,4820,410,4815,662,16,27874,GMT+8
ticks,1499691703392000000,i1709,4820,4820,500,4815,663,36,27910,GMT+8
ticks,1499691703903000000,i1709,4820,4820,502,4815,662,1234,29144,GMT+8
ticks,1499691704365000000,i1709,4820,4820,568,4815,699,44,29188,GMT+8
ticks,1499691704816000000,i1709,4815,4820,573,4815,693,12,29200,GMT+8
ticks,1499691705389000000,i1709,4820,4820,560,4815,693,100,29300,GMT+8
ticks,1499691705863000000,i1709,4815,4820,562,4815,697,14,29314,GMT+8
ticks,1499691706359000000,i1709,4820,4820,792,4815,697,40,29354,GMT+8
ticks,1499691706891000000,i1709,4815,4820,879,4815,721,48,29402,GMT+8
ticks,1499691707398000000,i1709,4820,4820,819,4815,723,140,29542,GMT+8
ticks,1499691707821000000,i1709,4820,4820,841,4815,724,4,29546,GMT+8
ticks,1499691708373000000,i1709,4820,4820,619,4815,742,470,30016,GMT+8
ticks,1499691708892000000,i1709,4820,4820,624,4815,742,6,30022,GMT+8
ticks,1499691709368000000,i1709,4820,4820,582,4815,743,132,30154,GMT+8
ticks,1499691709900000000,i1709,4815,4820,701,4815,753,4,30158,GMT+8
ticks,1499691710387000000,i1709,4820,4820,620,4815,793,226,30384,GMT+8
ticks,1499691710893000000,i1709,4820,4820,621,4815,811,30,30414,GMT+8
ticks,1499691711381000000,i1709,4820,4820,630,4815,814,2,30416,GMT+8
ticks,1499691711900000000,i1709,4815,4820,634,4815,824,4,30420,GMT+8
ticks,1499691712379000000,i1709,4815,4820,635,4815,817,16,30436,GMT+8
ticks,1499691712884000000,i1709,4820,4820,632,4815,836,32,30468,GMT+8
ticks,1499691713375000000,i1709,4820,4820,732,4815,834,2,30470,GMT+8
ticks,1499691713895000000,i1709,4820,4820,730,4815,826,60,30530,GMT+8
ticks,1499691714364000000,i1709,4815,4820,743,4815,814,54,30584,GMT+8
ticks,1499691714891000000,i1709,4815,4820,772,4815,807,32,30616,GMT+8
ticks,1499691715400000000,i1709,4820,4820,798,4815,826,28,30644,GMT+8
ticks,1499691715849000000,i1709,4820,4820,816,4815,826,0,30644,GMT+8
ticks,1499691716363000000,i1709,4820,4820,813,4815,844,12,30656,GMT+8
ticks,1499691716870000000,i1709,4820,4820,811,4815,844,14,30670,GMT+8
ticks,1499691717384000000,i1709,4820,4820,768,4815,744,308,30978,GMT+8
ticks,1499691717888000000,i1709,4815,4820,776,4815,741,8,30986,GMT+8
ticks,1499691718337000000,i1709,4815,4820,681,4815,740,204,31190,GMT+8
ticks,1499691718901000000,i1709,4820,4820,715,4815,738,54,31244,GMT+8
ticks,1499691719374000000,i1709,4815,4820,718,4815,734,8,31252,GMT+8
ticks,1499691719899000000,i1709,4820,4825,913,4820,98,1684,32936,GMT+8
ticks,1499691720360000000,i1709,4820,4820,164,4815,584,278,33214,GMT+8
ticks,1499691720881000000,i1709,4820,4820,125,4815,838,112,33326,GMT+8
ticks,1499691721371000000,i1709,4820,4820,203,4815,579,734,34060,GMT+8
ticks,1499691721874000000,i1709,4820,4820,438,4815,586,78,34138,GMT+8
ticks,1499691722388000000,i1709,4820,4820,524,4815,635,20,34158,GMT+8
ticks,1499691722888000000,i1709,4820,4820,623,4815,438,18,34176,GMT+8
ticks,1499691723392000000,i1709,4820,4820,731,4815,465,44,34220,GMT+8
ticks,1499691723898000000,i1709,4815,4820,814,4815,444,96,34316,GMT+8
ticks,1499691724402000000,i1709,4820,4820,812,4815,380,44,34360,GMT+8
ticks,1499691724874000000,i1709,4815,4815,34,4810,510,778,35138,GMT+8
ticks,1499691725400000000,i1709,4815,4815,252,4810,530,48,35186,GMT+8
ticks,1499691725881000000,i1709,4815,4815,355,4810,526,22,35208,GMT+8
ticks,1499691726393000000,i1709,4815,4815,301,4810,526,204,35412,GMT+8
ticks,1499691726868000000,i1709,4815,4815,305,4810,559,10,35422,GMT+8
ticks,1499691727293000000,i1709,4815,4815,164,4810,589,292,35714,GMT+8
ticks,1499691727871000000,i1709,4815,4815,162,4810,590,4,35718,GMT+8
ticks,1499691728391000000,i1709,4815,4815,168,4810,575,32,35750,GMT+8
ticks,1499691728898000000,i1709,4815,4815,170,4810,578,4,35754,GMT+8
ticks,1499691729401000000,i1709,4810,4815,164,4810,604,16,35770,GMT+8
ticks,1499691729883000000,i1709,4810,4815,130,4810,612,86,35856,GMT+8
ticks,1499691730389000000,i1709,4815,4815,115,4810,620,24,35880,GMT+8
ticks,1499691730855000000,i1709,4810,4815,63,4810,619,86,35966,GMT+8
ticks,1499691731369000000,i1709,4815,4815,65,4810,597,12,35978,GMT+8
ticks,1499691731887000000,i1709,4810,4815,115,4810,627,12,35990,GMT+8
ticks,1499691732371000000,i1709,4815,4815,106,4810,660,78,36068,GMT+8
ticks,1499691732830000000,i1709,4815,4815,202,4810,659,0,36068,GMT+8
ticks,1499691733403000000,i1709,4815,4820,980,4815,45,488,36556,GMT+8
ticks,1499691733876000000,i1709,4815,4820,971,4815,89,48,36604,GMT+8
ticks,1499691734389000000,i1709,4815,4820,984,4815,203,52,36656,GMT+8
ticks,1499691734901000000,i1709,4815,4820,962,4815,251,48,36704,GMT+8
ticks,1499691735358000000,i1709,4820,4820,997,4815,279,84,36788,GMT+8
ticks,1499691735892000000,i1709,4815,4820,1055,4815,257,42,36830,GMT+8
ticks,1499691736359000000,i1709,4815,4820,1057,4815,259,0,36830,GMT+8
ticks,1499691736800000000,i1709,4815,4815,113,4810,591,520,37350,GMT+8
ticks,1499691737390000000,i1709,4810,4815,142,4810,584,20,37370,GMT+8
ticks,1499691737826000000,i1709,4815,4815,295,4810,584,4,37374,GMT+8
ticks,1499691738403000000,i1709,4815,4815,285,4810,577,60,37434,GMT+8
ticks,1499691738893000000,i1709,4810,4815,590,4810,573,58,37492,GMT+8
ticks,1499691739362000000,i1709,4815,4815,600,4810,573,36,37528,GMT+8
ticks,1499691739859000000,i1709,4815,4815,287,4810,610,636,38164,GMT+8
ticks,1499691740336000000,i1709,4810,4815,303,4810,610,6,38170,GMT+8
ticks,1499691740856000000,i1709,4810,4815,381,4810,622,6,38176,GMT+8
ticks,1499691741400000000,i1709,4815,4815,377,4810,623,22,38198,GMT+8
ticks,1499691741879000000,i1709,4815,4815,375,4810,623,14,38212,GMT+8
ticks,1499691742396000000,i1709,4815,4815,395,4810,628,14,38226,GMT+8
ticks,1499691742903000000,i1709,4815,4815,407,4810,628,4,38230,GMT+8
ticks,1499691743396000000,i1709,4810,4815,406,4810,627,6,38236,GMT+8
ticks,1499691743897000000,i1709,4815,4815,448,4810,525,230,38466,GMT+8
ticks,1499691744369000000,i1709,4815,4815,452,4810,622,18,38484,GMT+8
ticks,1499691744842000000,i1709,4815,4815,435,4810,622,64,38548,GMT+8
ticks,1499691745382000000,i1709,4810,4815,445,4810,523,202,38750,GMT+8
ticks,1499691745894000000,i1709,4815,4815,445,4810,568,14,38764,GMT+8
ticks,1499691746402000000,i1709,4815,4815,446,4810,571,2,38766,GMT+8
ticks,1499691746885000000,i1709,4815,4815,427,4810,564,44,38810,GMT+8
ticks,1499691747342000000,i1709,4815,4815,334,4810,513,500,39310,GMT+8
ticks,1499691747859000000,i1709,4815,4815,345,4810,511,60,39370,GMT+8
ticks,1499691748347000000,i1709,4815,4815,167,4810,529,420,39790,GMT+8
ticks,1499691748792000000,i1709,4810,4815,187,4810,511,8,39798,GMT+8
ticks,1499691749381000000,i1709,4810,4815,207,4810,509,4,39802,GMT+8
ticks,1499691749872000000,i1709,4815,4815,388,4810,495,22,39824,GMT+8
ticks,1499691750365000000,i1709,4815,4815,434,4810,514,8,39832,GMT+8
ticks,1499691750847000000,i1709,4810,4815,450,4810,418,210,40042,GMT+8
ticks,1499691751246000000,i1709,4810,4815,461,4810,466,8,40050,GMT+8
ticks,1499691751878000000,i1709,4810,4810,38,4805,788,930,40980,GMT+8
ticks,1499691752396000000,i1709,4810,4810,428,4805,737,6,40986,GMT+8
ticks,1499691752892000000,i1709,4805,4810,530,4805,574,10,40996,GMT+8
ticks,1499691753384000000,i1709,4805,4810,547,4805,548,32,41028,GMT+8
ticks,1499691753900000000,i1709,4805,4810,516,4805,528,64,41092,GMT+8
ticks,1499691754387000000,i1709,4810,4810,516,4805,530,14,41106,GMT+8
ticks,1499691754853000000,i1709,4805,4810,518,4805,571,6,41112,GMT+8
ticks,1499691755373000000,i1709,4810,4810,542,4805,578,6,41118,GMT+8
ticks,1499691755893000000,i1709,4810,4810,542,4805,577,4,41122,GMT+8
ticks,1499691756402000000,i1709,4810,4810,536,4805,577,22,41144,GMT+8
ticks,1499691756851000000,i1709,4805,4810,534,4805,570,24,41168,GMT+8
ticks,1499691757369000000,i1709,4810,4810,534,4805,570,2,41170,GMT+8
ticks,1499691757861000000,i1709,4810,4810,527,4805,570,40,41210,GMT+8
ticks,1499691758357000000,i1709,4810,4810,520,4805,584,16,41226,GMT+8
ticks,1499691758875000000,i1709,4810,4810,525,4805,582,20,41246,GMT+8
ticks,1499691759375000000,i1709,4805,4810,529,4805,581,6,41252,GMT+8
ticks,1499691759889000000,i1709,4805,4805,543,4800,899,1158,42410,GMT+8
ticks,1499691760397000000,i1709,4805,4805,685,4800,886,82,42492,GMT+8
ticks,1499691760899000000,i1709,4805,4805,699,4800,885,4,42496,GMT+8
ticks,1499691761391000000,i1709,4805,4805,699,4800,886,8,42504,GMT+8
ticks,1499691761890000000,i1709,4805,4805,780,4800,875,46,42550,GMT+8
ticks,1499691762392000000,i1709,4805,4805,768,4800,878,32,42582,GMT+8
ticks,1499691762890000000,i1709,4805,4805,767,4800,906,4,42586,GMT+8
ticks,1499691763361000000,i1709,4805,4805,733,4800,907,0,42586,GMT+8
ticks,1499691763869000000,i1709,4800,4805,733,4800,901,34,42620,GMT+8
ticks,1499691764404000000,i1709,4805,4805,737,4800,897,20,42640,GMT+8
ticks,1499691764882000000,i1709,4800,4805,736,4800,896,4,42644,GMT+8
ticks,1499691765381000000,i1709,4800,4805,733,4800,887,30,42674,GMT+8
ticks,1499691765891000000,i1709,4805,4805,707,4800,864,158,42832,GMT+8
ticks,1499691766403000000,i1709,4800,4800,73,4795,641,1586,44418,GMT+8
ticks,1499691766899000000,i1709,4800,4800,178,4795,711,24,44442,GMT+8
ticks,1499691767393000000,i1709,4800,4800,204,4795,711,2,44444,GMT+8
ticks,1499691767885000000,i1709,4795,4800,202,4795,681,92,44536,GMT+8
ticks,1499691768377000000,i1709,4800,4800,194,4795,679,36,44572,GMT+8
ticks,1499691768872000000,i1709,4795,4800,279,4795,737,22,44594,GMT+8
ticks,1499691769400000000,i1709,4795,4800,271,4795,736,20,44614,GMT+8
ticks,1499691769895000000,i1709,4795,4800,285,4795,701,52,44666,GMT+8
ticks,1499691770400000000,i1709,4795,4800,307,4795,694,20,44686,GMT+8
ticks,1499691770884000000,i1709,4800,4800,317,4795,672,84,44770,GMT+8
ticks,1499691771399000000,i1709,4795,4800,299,4795,661,38,44808,GMT+8
ticks,1499691771886000000,i1709,4795,4800,306,4795,652,22,44830,GMT+8
ticks,1499691772335000000,i1709,4795,4800,309,4795,707,28,44858,GMT+8
ticks,1499691772897000000,i1709,4795,4800,196,4795,650,804,45662,GMT+8
ticks,1499691773387000000,i1709,4795,4800,339,4795,633,16,45678,GMT+8
ticks,1499691773873000000,i1709,4795,4800,452,4795,599,38,45716,GMT+8
ticks,1499691774396000000,i1709,4795,4800,470,4795,627,18,45734,GMT+8
ticks,1499691774814000000,i1709,4795,4800,473,4795,613,38,45772,GMT+8
ticks,1499691775318000000,i1709,4795,4800,511,4795,603,10,45782,GMT+8
ticks,1499691775821000000,i1709,4795,4800,522,4795,596,32,45814,GMT+8
ticks,1499691776403000000,i1709,4795,4800,535,4795,595,46,45860,GMT+8
ticks,1499691776856000000,i1709,4800,4800,321,4795,721,468,46328,GMT+8
ticks,1499691777403000000,i1709,4795,4800,340,4795,720,10,46338,GMT+8
ticks,1499691777899000000,i1709,4795,4800,388,4795,612,222,46560,GMT+8
ticks,1499691778402000000,i1709,4795,4800,378,4795,616,24,46584,GMT+8
ticks,1499691778881000000,i1709,4800,4800,373,4795,589,72,46656,GMT+8
ticks,1499691779393000000,i1709,4795,4800,519,4795,553,92,46748,GMT+8
ticks,1499691779899000000,i1709,4795,4800,527,4795,553,6,46754,GMT+8
ticks,1499691780401000000,i1709,4800,4800,527,4795,569,8,46762,GMT+8
ticks,1499691780850000000,i1709,4795,4800,534,4795,541,80,46842,GMT+8
ticks,1499691781388000000,i1709,4800,4800,536,4795,543,60,46902,GMT+8
ticks,1499691781899000000,i1709,4795,4800,538,4795,554,20,46922,GMT+8
ticks,1499691782364000000,i1709,4795,4800,545,4795,639,84,47006,GMT+8
ticks,1499691782880000000,i1709,4795,4800,553,4795,634,12,47018,GMT+8
ticks,1499691783328000000,i1709,4795,4800,548,4795,655,80,47098,GMT+8
ticks,1499691783888000000,i1709,4795,4800,550,4795,642,26,47124,GMT+8
ticks,1499691784368000000,i1709,4795,4800,550,4795,656,16,47140,GMT+8
ticks,1499691784880000000,i1709,4800,4800,559,4795,664,12,47152,GMT+8
ticks,1499691785390000000,i1709,4795,4800,548,4795,655,44,47196,GMT+8
ticks,1499691785859000000,i1709,4795,4800,543,4795,704,6,47202,GMT+8
ticks,1499691786394000000,i1709,4800,4800,543,4795,696,24,47226,GMT+8
ticks,1499691786896000000,i1709,4795,4800,590,4795,691,20,47246,GMT+8
ticks,1499691787402000000,i1709,4800,4800,575,4795,727,10,47256,GMT+8
ticks,1499691787900000000,i1709,4795,4800,595,4795,728,10,47266,GMT+8
ticks,1499691788393000000,i1709,4795,4800,620,4795,725,4,47270,GMT+8
ticks,1499691788819000000,i1709,4795,4800,622,4795,739,6,47276,GMT+8
ticks,1499691789364000000,i1709,4800,4800,621,4795,793,12,47288,GMT+8
ticks,1499691789893000000,i1709,4795,4800,620,4795,751,88,47376,GMT+8
ticks,1499691790362000000,i1709,4800,4800,614,4795,758,14,47390,GMT+8
ticks,1499691790856000000,i1709,4795,4800,612,4795,757,18,47408,GMT+8
ticks,1499691791328000000,i1709,4800,4800,603,4795,757,26,47434,GMT+8
ticks,1499691791901000000,i1709,4795,4800,607,4795,763,6,47440,GMT+8
ticks,1499691792388000000,i1709,4795,4800,684,4795,524,112,47552,GMT+8
ticks,1499691792842000000,i1709,4800,4800,683,4795,523,14,47566,GMT+8
ticks,1499691793403000000,i1709,4800,4800,680,4795,494,30,47596,GMT+8
ticks,1499691793892000000,i1709,4795,4800,680,4795,344,218,47814,GMT+8
ticks,1499691794361000000,i1709,4795,4795,84,4790,1065,654,48468,GMT+8
ticks,1499691794902000000,i1709,4790,4795,898,4790,1177,86,48554,GMT+8
ticks,1499691795391000000,i1709,4790,4790,210,4785,642,2006,50560,GMT+8
ticks,1499691795886000000,i1709,4790,4795,511,4790,215,564,51124,GMT+8
ticks,1499691796342000000,i1709,4790,4795,499,4790,305,212,51336,GMT+8
ticks,1499691796892000000,i1709,4795,4795,445,4790,315,134,51470,GMT+8
ticks,1499691797396000000,i1709,4790,4790,231,4785,899,830,52300,GMT+8
ticks,1499691797890000000,i1709,4790,4795,480,4790,248,778,53078,GMT+8
ticks,1499691798354000000,i1709,4790,4795,463,4790,274,8,53086,GMT+8
ticks,1499691798881000000,i1709,4790,4795,522,4790,304,18,53104,GMT+8
ticks,1499691799402000000,i1709,4795,4795,536,4790,284,18,53122,GMT+8
ticks,1499691799887000000,i1709,4790,4795,626,4790,328,18,53140,GMT+8
ticks,1499691800341000000,i1709,4790,4795,619,4790,299,70,53210,GMT+8
ticks,1499691800874000000,i1709,4790,4795,553,4790,555,14,53224,GMT+8
ticks,1499691801385000000,i1709,4790,4795,565,4790,589,16,53240,GMT+8
ticks,1499691801892000000,i1709,4790,4795,592,4790,452,284,53524,GMT+8
ticks,1499691802383000000,i1709,4790,4790,1,4785,850,908,54432,GMT+8
ticks,1499691802904000000,i1709,4790,4790,122,4785,854,68,54500,GMT+8
ticks,1499691803304000000,i1709,4790,4790,239,4785,853,38,54538,GMT+8
ticks,1499691803843000000,i1709,4790,4790,340,4785,849,52,54590,GMT+8
ticks,1499691804381000000,i1709,4790,4790,330,4785,849,32,54622,GMT+8
ticks,1499691804901000000,i1709,4790,4795,604,4790,457,882,55504,GMT+8
ticks,1499691805347000000,i1709,4790,4795,608,4790,501,134,55638,GMT+8
ticks,1499691805884000000,i1709,4790,4795,578,4790,740,106,55744,GMT+8
ticks,1499691806291000000,i1709,4790,4795,577,4790,726,42,55786,GMT+8
ticks,1499691806883000000,i1709,4790,4795,597,4790,719,24,55810,GMT+8
ticks,1499691807392000000,i1709,4790,4795,599,4790,605,224,56034,GMT+8
ticks,1499691807859000000,i1709,4790,4795,619,4790,604,6,56040,GMT+8
ticks,1499691808391000000,i1709,4790,4795,616,4790,596,52,56092,GMT+8
ticks,1499691808894000000,i1709,4790,4795,607,4790,569,54,56146,GMT+8
ticks,1499691809395000000,i1709,4790,4795,612,4790,567,14,56160,GMT+8
ticks,1499691809858000000,i1709,4790,4795,614,4790,563,10,56170,GMT+8
ticks,1499691810397000000,i1709,4790,4795,612,4790,577,26,56196,GMT+8
ticks,1499691810836000000,i1709,4790,4795,601,4790,765,8,56204,GMT+8
ticks,1499691811387000000,i1709,4790,4795,614,4790,761,8,56212,GMT+8
ticks,1499691811854000000,i1709,4795,4795,623,4790,780,14,56226,GMT+8
ticks,1499691812402000000,i1709,4790,4795,618,4790,778,14,56240,GMT+8
ticks,1499691812865000000,i1709,4790,4795,629,4790,758,60,56300,GMT+8
ticks,1499691813360000000,i1709,4790,4795,629,4790,939,8,56308,GMT+8
ticks,1499691813821000000,i1709,4795,4795,623,4790,927,28,56336,GMT+8
ticks,1499691814388000000,i1709,4790,4795,618,4790,908,58,56394,GMT+8
ticks,1499691814892000000,i1709,4795,4795,594,4790,899,28,56422,GMT+8
ticks,1499691815394000000,i1709,4790,4795,595,4790,878,46,56468,GMT+8
ticks,1499691815870000000,i1709,4790,4795,631,4790,876,20,56488,GMT+8
ticks,1499691816289000000,i1709,4795,4795,626,4790,876,10,56498,GMT+8
ticks,1499691816857000000,i1709,4790,4795,622,4790,890,6,56504,GMT+8
ticks,1499691817331000000,i1709,4795,4795,621,4790,901,26,56530,GMT+8
ticks,1499691817868000000,i1709,4795,4795,626,4790,941,22,56552,GMT+8
ticks,1499691818403000000,i1709,4790,4795,622,4790,934,24,56576,GMT+8
ticks,1499691818795000000,i1709,4790,4795,625,4790,931,8,56584,GMT+8
ticks,1499691819402000000,i1709,4790,4795,624,4790,933,0,56584,GMT+8
ticks,1499691819901000000,i1709,4790,4795,615,4790,920,52,56636,GMT+8
ticks,1499691820366000000,i1709,4790,4795,618,4790,920,12,56648,GMT+8
ticks,1499691820866000000,i1709,4795,4795,616,4790,921,10,56658,GMT+8
ticks,1499691821365000000,i1709,4790,4795,616,4790,921,2,56660,GMT+8
ticks,1499691821868000000,i1709,4795,4795,614,4790,922,8,56668,GMT+8
ticks,1499691822382000000,i1709,4790,4795,615,4790,922,2,56670,GMT+8
ticks,1499691822903000000,i1709,4790,4795,612,4790,896,98,56768,GMT+8
ticks,1499691823317000000,i1709,4790,4795,621,4790,880,32,56800,GMT+8
ticks,1499691823900000000,i1709,4790,4795,641,4790,871,20,56820,GMT+8
ticks,1499691824399000000,i1709,4790,4795,653,4790,760,24,56844,GMT+8
ticks,1499691824903000000,i1709,4790,4795,646,4790,789,18,56862,GMT+8
ticks,1499691825353000000,i1709,4795,4795,642,4790,888,12,56874,GMT+8
ticks,1499691825901000000,i1709,4795,4795,647,4790,889,4,56878,GMT+8
ticks,1499691826400000000,i1709,4790,4795,646,4790,886,10,56888,GMT+8
ticks,1499691826895000000,i1709,4795,4795,643,4790,885,10,56898,GMT+8
ticks,1499691827383000000,i1709,4790,4795,644,4790,887,2,56900,GMT+8
ticks,1499691827886000000,i1709,4790,4795,644,4790,884,6,56906,GMT+8
ticks,1499691828387000000,i1709,4790,4795,647,4790,884,2,56908,GMT+8
ticks,1499691828857000000,i1709,4790,4795,647,4790,883,2,56910,GMT+8
ticks,1499691829373000000,i1709,4790,4795,646,4790,880,10,56920,GMT+8
ticks,1499691829870000000,i1709,4790,4795,646,4790,881,0,56920,GMT+8
ticks,1499691830354000000,i1709,4790,4795,646,4790,878,6,56926,GMT+8
ticks,1499691830904000000,i1709,4790,4795,647,4790,842,78,57004,GMT+8
ticks,1499691831387000000,i1709,4790,4795,650,4790,844,0,57004,GMT+8
ticks,1499691831886000000,i1709,4790,4795,651,4790,844,0,57004,GMT+8
ticks,1499691832400000000,i1709,4795,4795,651,4790,842,8,57012,GMT+8
ticks,1499691832899000000,i1709,4795,4795,650,4790,789,2,57014,GMT+8
ticks,1499691833399000000,i1709,4795,4795,650,4790,779,24,57038,GMT+8
ticks,1499691833886000000,i1709,4790,4795,649,4790,776,8,57046,GMT+8
ticks,1499691834383000000,i1709,4795,4795,648,4790,769,16,57062,GMT+8
ticks,1499691834887000000,i1709,4795,4795,645,4790,768,16,57078,GMT+8
ticks,1499691835399000000,i1709,4795,4795,647,4790,774,2,57080,GMT+8
ticks,1499691835880000000,i1709,4790,4795,649,4790,767,16,57096,GMT+8
ticks,1499691836362000000,i1709,4790,4795,648,4790,726,86,57182,GMT+8
ticks,1499691836863000000,i1709,4790,4795,651,4790,728,2,57184,GMT+8
ticks,1499691837399000000,i1709,4790,4795,661,4790,738,0,57184,GMT+8
ticks,1499691837731000000,i1709,4790,4795,663,4790,732,6,57190,GMT+8
ticks,1499691838370000000,i1709,4795,4795,673,4790,734,12,57202,GMT+8
ticks,1499691838857000000,i1709,4795,4795,674,4790,737,0,57202,GMT+8
ticks,1499691839387000000,i1709,4795,4795,662,4790,741,22,57224,GMT+8
ticks,1499691839890000000,i1709,4790,4795,644,4790,730,26,57250,GMT+8
ticks,1499691840368000000,i1709,4790,4795,646,4790,730,4,57254,GMT+8
ticks,1499691840902000000,i1709,4790,4795,646,4790,729,2,57256,GMT+8
ticks,1499691841403000000,i1709,4790,4795,646,4790,708,58,57314,GMT+8
ticks,1499691841864000000,i1709,4790,4795,646,4790,707,4,57318,GMT+8
ticks,1499691842397000000,i1709,4790,4795,647,4790,714,0,57318,GMT+8
ticks,1499691842893000000,i1709,4790,4795,644,4790,713,10,57328,GMT+8
ticks,1499691843377000000,i1709,4790,4795,658,4790,712,6,57334,GMT+8
ticks,1499691843868000000,i1709,4790,4795,651,4790,706,28,57362,GMT+8
ticks,1499691844386000000,i1709,4795,4795,652,4790,700,18,57380,GMT+8
ticks,1499691845399000000,i1709,4795,4795,666,4790,700,4,57384,GMT+8
ticks,1499691845878000000,i1709,4790,4795,665,4790,716,2,57386,GMT+8
ticks,1499691846352000000,i1709,4790,4795,662,4790,706,26,57412,GMT+8
ticks,1499691846875000000,i1709,4795,4795,664,4790,706,4,57416,GMT+8
ticks,1499691847335000000,i1709,4795,4795,661,4790,707,10,57426,GMT+8
ticks,1499691847897000000,i1709,4790,4795,661,4790,729,4,57430,GMT+8
ticks,1499691848386000000,i1709,4790,4795,658,4790,729,0,57430,GMT+8
ticks,1499691848899000000,i1709,4795,4795,561,4790,730,194,57624,GMT+8
ticks,1499691849399000000,i1709,4790,4795,533,4790,732,2,57626,GMT+8
ticks,1499691849874000000,i1709,4795,4800,1105,4795,100,1120,58746,GMT+8
ticks,1499691850291000000,i1709,4795,4800,1213,4795,145,4,58750,GMT+8
ticks,1499691850872000000,i1709,4795,4800,1224,4795,219,4,58754,GMT+8
ticks,1499691851381000000,i1709,4795,4800,1224,4795,308,12,58766,GMT+8
ticks,1499691851785000000,i1709,4795,4800,1225,4795,318,10,58776,GMT+8
ticks,1499691852343000000,i1709,4800,4800,1210,4795,361,4,58780,GMT+8
ticks,1499691852842000000,i1709,4800,4800,1210,4795,716,0,58780,GMT+8
ticks,1499691853405000000,i1709,4795,4800,1200,4795,715,24,58804,GMT+8
ticks,1499691853893000000,i1709,4795,4800,1200,4795,716,12,58816,GMT+8
ticks,1499691854379000000,i1709,4800,4800,1198,4795,721,12,58828,GMT+8
ticks,1499691854882000000,i1709,4795,4800,1198,4795,720,4,58832,GMT+8
ticks,1499691855286000000,i1709,4795,4800,1192,4795,720,0,58832,GMT+8
ticks,1499691855884000000,i1709,4795,4800,1188,4795,739,26,58858,GMT+8
ticks,1499691856364000000,i1709,4800,4800,1185,4795,739,8,58866,GMT+8
ticks,1499691856799000000,i1709,4795,4800,1186,4795,738,2,58868,GMT+8
ticks,1499691857356000000,i1709,4800,4800,1182,4795,708,6,58874,GMT+8
ticks,1499691857886000000,i1709,4800,4800,1195,4795,706,4,58878,GMT+8
ticks,1499691858385000000,i1709,4800,4800,1191,4795,710,12,58890,GMT+8
ticks,1499691858855000000,i1709,4800,4800,1176,4795,710,30,58920,GMT+8
ticks,1499691859374000000,i1709,4795,4800,1176,4795,718,4,58924,GMT+8
ticks,1499691859904000000,i1709,4800,4800,1166,4795,721,16,58940,GMT+8
ticks,1499691860236000000,i1709,4795,4800,1166,4795,741,2,58942,GMT+8
ticks,1499691860791000000,i1709,4800,4800,1162,4795,748,10,58952,GMT+8
ticks,1499691861394000000,i1709,4800,4800,1167,4795,750,2,58954,GMT+8
ticks,1499691861819000000,i1709,4800,4800,1159,4795,749,10,58964,GMT+8
ticks,1499691862359000000,i1709,4795,4800,1160,4795,751,2,58966,GMT+8
ticks,1499691862880000000,i1709,4800,4800,1154,4795,492,30,58996,GMT+8
ticks,1499691863358000000,i1709,4800,4800,1154,4795,491,0,58996,GMT+8
ticks,1499691863895000000,i1709,4795,4800,1159,4795,387,4,59000,GMT+8
ticks,1499691864320000000,i1709,4800,4800,1159,4795,386,20,59020,GMT+8
ticks,1499691864885000000,i1709,4795,4800,1160,4795,390,6,59026,GMT+8
ticks,1499691865389000000,i1709,4800,4800,1169,4795,380,32,59058,GMT+8
ticks,1499691865901000000,i1709,4800,4800,1161,4795,380,50,59108,GMT+8
ticks,1499691866389000000,i1709,4795,4800,1157,4795,347,70,59178,GMT+8
ticks,1499691866875000000,i1709,4795,4800,1157,4795,361,8,59186,GMT+8
ticks,1499691867394000000,i1709,4795,4800,1157,4795,359,8,59194,GMT+8
ticks,1499691867856000000,i1709,4795,4800,1146,4795,353,34,59228,GMT+8
ticks,1499691868402000000,i1709,4800,4800,1159,4795,352,10,59238,GMT+8
ticks,1499691868885000000,i1709,4800,4800,1159,4795,348,12,59250,GMT+8
ticks,1499691869389000000,i1709,4795,4800,1164,4795,346,6,59256,GMT+8
ticks,1499691869837000000,i1709,4795,4800,1164,4795,349,0,59256,GMT+8
ticks,1499691870403000000,i1709,4795,4800,1165,4795,349,12,59268,GMT+8
ticks,1499691870904000000,i1709,4795,4800,1163,4795,449,54,59322,GMT+8
ticks,1499691871389000000,i1709,4800,4800,1168,4795,447,6,59328,GMT+8
ticks,1499691871869000000,i1709,4795,4800,1171,4795,438,48,59376,GMT+8
ticks,1499691872355000000,i1709,4795,4800,1161,4795,437,2,59378,GMT+8
ticks,1499691872772000000,i1709,4800,4800,1160,4795,456,4,59382,GMT+8
ticks,1499691873356000000,i1709,4800,4800,1163,4795,465,0,59382,GMT+8
ticks,1499691873891000000,i1709,4795,4800,1158,4795,466,14,59396,GMT+8
ticks,1499691874272000000,i1709,4795,4800,1157,4795,467,4,59400,GMT+8
ticks,1499691874893000000,i1709,4800,4800,1155,4795,480,14,59414,GMT+8
ticks,1499691875327000000,i1709,4800,4800,1152,4795,458,52,59466,GMT+8
ticks,1499691875817000000,i1709,4795,4800,1151,4795,456,10,59476,GMT+8
ticks,1499691876363000000,i1709,4800,4800,1149,4795,548,24,59500,GMT+8
ticks,1499691876839000000,i1709,4795,4800,1150,4795,545,6,59506,GMT+8
ticks,1499691877390000000,i1709,4795,4800,1161,4795,551,2,59508,GMT+8
ticks,1499691877878000000,i1709,4800,4800,1160,4795,532,56,59564,GMT+8
ticks,1499691878364000000,i1709,4800,4800,1162,4795,538,6,59570,GMT+8
ticks,1499691878874000000,i1709,4800,4800,1153,4795,541,20,59590,GMT+8
ticks,1499691879347000000,i1709,4800,4800,1180,4795,541,0,59590,GMT+8
ticks,1499691879755000000,i1709,4795,4800,1150,4795,540,2,59592,GMT+8
ticks,1499691880382000000,i1709,4795,4800,1186,4795,543,0,59592,GMT+8
ticks,1499691880884000000,i1709,4800,4800,1153,4795,542,8,59600,GMT+8
ticks,1499691881404000000,i1709,4800,4800,1183,4795,542,0,59600,GMT+8
ticks,1499691881833000000,i1709,4795,4800,1150,4795,579,10,59610,GMT+8
ticks,1499691882352000000,i1709,4795,4800,1150,4795,578,2,59612,GMT+8
ticks,1499691882899000000,i1709,4800,4800,1177,4795,578,4,59616,GMT+8
ticks,1499691883235000000,i1709,4800,4800,1136,4795,577,24,59640,GMT+8
ticks,1499691883889000000,i1709,4800,4800,1162,4795,577,0,59640,GMT+8
ticks,1499691884343000000,i1709,4800,4800,1130,4795,578,4,59644,GMT+8
ticks,1499691884883000000,i1709,4800,4800,1160,4795,578,0,59644,GMT+8
ticks,1499691885394000000,i1709,4795,4800,1130,4795,537,80,59724,GMT+8
ticks,1499691885862000000,i1709,4800,4800,1128,4795,549,4,59728,GMT+8
ticks,1499691886369000000,i1709,4795,4800,1157,4795,546,12,59740,GMT+8
ticks,1499691886878000000,i1709,4795,4800,1127,4795,545,2,59742,GMT+8
ticks,1499691887889000000,i1709,4795,4800,1130,4795,543,0,59742,GMT+8
ticks,1499691888388000000,i1709,4795,4800,1166,4795,542,4,59746,GMT+8
ticks,1499691888889000000,i1709,4795,4800,1174,4795,546,2,59748,GMT+8
ticks,1499691889366000000,i1709,4795,4800,1148,4795,557,0,59748,GMT+8
ticks,1499691889894000000,i1709,4795,4800,1148,4795,557,14,59762,GMT+8
ticks,1499691890396000000,i1709,4800,4800,1178,4795,561,8,59770,GMT+8
ticks,1499691890859000000,i1709,4800,4800,1146,4795,562,4,59774,GMT+8
ticks,1499691891381000000,i1709,4800,4800,1149,4795,561,0,59774,GMT+8
ticks,1499691891827000000,i1709,4795,4800,1161,4795,557,6,59780,GMT+8
ticks,1499691892383000000,i1709,4795,4800,1152,4795,556,2,59782,GMT+8
ticks,1499691892874000000,i1709,4795,4800,1152,4795,558,4,59786,GMT+8
ticks,1499691893404000000,i1709,4795,4800,1152,4795,561,0,59786,GMT+8
ticks,1499691893871000000,i1709,4795,4800,1152,4795,560,4,59790,GMT+8
ticks,1499691894405000000,i1709,4795,4800,1141,4795,560,0,59790,GMT+8
ticks,1499691894900000000,i1709,4800,4800,1143,4795,553,20,59810,GMT+8
ticks,1499691895385000000,i1709,4800,4800,1143,4795,563,0,59810,GMT+8
ticks,1499691895898000000,i1709,4795,4800,1144,4795,564,10,59820,GMT+8
ticks,1499691896392000000,i1709,4795,4800,1144,4795,567,4,59824,GMT+8
ticks,1499691896727000000,i1709,4795,4800,1150,4795,561,12,59836,GMT+8
ticks,1499691897403000000,i1709,4800,4800,1150,4795,555,6,59842,GMT+8
ticks,1499691897784000000,i1709,4795,4800,1150,4795,555,2,59844,GMT+8
ticks,1499691898388000000,i1709,4800,4800,1159,4795,556,2,59846,GMT+8
ticks,1499691898792000000,i1709,4795,4800,1147,4795,549,34,59880,GMT+8
ticks,1499691899343000000,i1709,4800,4800,1145,4795,548,6,59886,GMT+8
ticks,1499691899802000000,i1709,4800,4800,1144,4795,550,4,59890,GMT+8
ticks,1499691900345000000,i1709,4795,4800,1153,4795,541,18,59908,GMT+8
ticks,1499691900814000000,i1709,4795,4800,1153,4795,528,20,59928,GMT+8
ticks,1499691901395000000,i1709,4795,4800,1154,4795,527,0,59928,GMT+8
ticks,1499691901856000000,i1709,4795,4800,1154,4795,531,2,59930,GMT+8
ticks,1499691902369000000,i1709,4795,4800,1181,4795,533,0,59930,GMT+8
ticks,1499691902779000000,i1709,4800,4800,1180,4795,513,42,59972,GMT+8
ticks,1499691903400000000,i1709,4800,4800,1180,4795,503,4,59976,GMT+8
ticks,1499691903666000000,i1709,4795,4800,1179,4795,500,4,59980,GMT+8
ticks,1499691904291000000,i1709,4795,4800,1179,4795,496,8,59988,GMT+8
ticks,1499691904857000000,i1709,4795,4795,719,4790,1133,786,60774,GMT+8
ticks,1499691905402000000,i1709,4795,4795,865,4790,1136,6,60780,GMT+8
ticks,1499691905870000000,i1709,4795,4795,1059,4790,1135,4,60784,GMT+8
ticks,1499691906390000000,i1709,4795,4795,1053,4790,1063,20,60804,GMT+8
ticks,1499691906890000000,i1709,4795,4795,1050,4790,1012,10,60814,GMT+8
ticks,1499691907871000000,i1709,4795,4795,1050,4790,1018,12,60826,GMT+8
ticks,1499691908363000000,i1709,4795,4795,1034,4790,1015,12,60838,GMT+8
ticks,1499691908878000000,i1709,4795,4795,1035,4790,1011,12,60850,GMT+8
ticks,1499691909318000000,i1709,4795,4795,1031,4790,1011,0,60850,GMT+8
ticks,1499691909713000000,i1709,4795,4795,1030,4790,1010,4,60854,GMT+8
ticks,1499691910395000000,i1709,4790,4795,1035,4790,1001,24,60878,GMT+8
ticks,1499691910870000000,i1709,4790,4795,1055,4790,1000,4,60882,GMT+8
ticks,1499691911382000000,i1709,4790,4795,1054,4790,987,30,60912,GMT+8
ticks,1499691911866000000,i1709,4790,4795,1054,4790,996,0,60912,GMT+8
ticks,1499691912400000000,i1709,4790,4790,205,4785,1050,2034,62946,GMT+8
ticks,1499691912893000000,i1709,4790,4790,261,4785,1050,24,62970,GMT+8
ticks,1499691913404000000,i1709,4785,4790,473,4785,1035,24,62994,GMT+8
ticks,1499691913869000000,i1709,4785,4790,470,4785,1001,70,63064,GMT+8
ticks,1499691914388000000,i1709,4785,4790,478,4785,994,16,63080,GMT+8
ticks,1499691914848000000,i1709,4790,4790,487,4785,814,314,63394,GMT+8
ticks,1499691915368000000,i1709,4790,4790,180,4785,851,704,64098,GMT+8
ticks,1499691915890000000,i1709,4790,4790,184,4785,790,40,64138,GMT+8
ticks,1499691916387000000,i1709,4785,4790,179,4785,851,22,64160,GMT+8
ticks,1499691916829000000,i1709,4785,4790,176,4785,902,18,64178,GMT+8
ticks,1499691917321000000,i1709,4785,4790,1171,4785,901,2,64180,GMT+8
ticks,1499691917905000000,i1709,4785,4790,1261,4785,900,10,64190,GMT+8
ticks,1499691918382000000,i1709,4785,4790,1280,4785,928,26,64216,GMT+8
ticks,1499691918902000000,i1709,4785,4790,1267,4785,921,18,64234,GMT+8
ticks,1499691919402000000,i1709,4790,4790,1268,4785,906,28,64262,GMT+8
ticks,1499691919889000000,i1709,4785,4785,106,4780,1987,1882,66144,GMT+8
ticks,1499691920406000000,i1709,4785,4785,195,4780,1985,28,66172,GMT+8
ticks,1499691920823000000,i1709,4785,4785,197,4780,1987,4,66176,GMT+8
ticks,1499691921396000000,i1709,4785,4785,202,4780,1983,18,66194,GMT+8
ticks,1499691921754000000,i1709,4780,4785,303,4780,1979,6,66200,GMT+8
ticks,1499691922406000000,i1709,4780,4785,564,4780,1458,1042,67242,GMT+8
ticks,1499691922830000000,i1709,4780,4785,288,4780,1490,570,67812,GMT+8
ticks,1499691923396000000,i1709,4780,4785,370,4780,1490,2,67814,GMT+8
ticks,1499691923899000000,i1709,4780,4785,491,4780,1489,6,67820,GMT+8
ticks,1499691924373000000,i1709,4780,4785,427,4780,1511,24,67844,GMT+8
ticks,1499691924898000000,i1709,4780,4785,377,4780,1488,140,67984,GMT+8
ticks,1499691925312000000,i1709,4785,4785,427,4780,1483,24,68008,GMT+8
ticks,1499691925867000000,i1709,4780,4785,423,4780,1492,34,68042,GMT+8
ticks,1499691926405000000,i1709,4780,4785,424,4780,1444,102,68144,GMT+8
ticks,1499691926886000000,i1709,4780,4785,413,4780,1412,90,68234,GMT+8
ticks,1499691927302000000,i1709,4780,4785,413,4780,1412,0,68234,GMT+8
ticks,1499691927903000000,i1709,4780,4785,422,4780,1419,20,68254,GMT+8
ticks,1499691928405000000,i1709,4780,4785,422,4780,1421,34,68288,GMT+8
ticks,1499691928884000000,i1709,4780,4785,402,4780,1423,32,68320,GMT+8
ticks,1499691929388000000,i1709,4780,4785,405,4780,1486,128,68448,GMT+8
ticks,1499691929869000000,i1709,4785,4785,339,4780,1534,6,68454,GMT+8
ticks,1499691930377000000,i1709,4785,4785,148,4780,1540,396,68850,GMT+8
ticks,1499691930899000000,i1709,4785,4790,1574,4785,192,332,69182,GMT+8
ticks,1499691931386000000,i1709,4785,4790,1544,4785,211,6,69188,GMT+8
ticks,1499691931887000000,i1709,4785,4790,1544,4785,288,10,69198,GMT+8
ticks,1499691932383000000,i1709,4785,4790,1546,4785,377,52,69250,GMT+8
ticks,1499691932806000000,i1709,4785,4790,1537,4785,462,18,69268,GMT+8
ticks,1499691933375000000,i1709,4785,4790,1537,4785,491,22,69290,GMT+8
ticks,1499691933870000000,i1709,4785,4790,1595,4785,548,8,69298,GMT+8
ticks,1499691934399000000,i1709,4785,4790,1595,4785,547,4,69302,GMT+8
ticks,1499691934794000000,i1709,4785,4790,1586,4785,554,6,69308,GMT+8
ticks,1499691935404000000,i1709,4785,4790,1545,4785,461,18,69326,GMT+8
ticks,1499691935881000000,i1709,4785,4790,1528,4785,519,8,69334,GMT+8
ticks,1499691936393000000,i1709,4785,4790,1524,4785,526,4,69338,GMT+8
ticks,1499691936887000000,i1709,4785,4790,1520,4785,483,124,69462,GMT+8
ticks,1499691937370000000,i1709,4790,4790,1518,4785,439,26,69488,GMT+8
ticks,1499691937849000000,i1709,4785,4790,1548,4785,392,104,69592,GMT+8
ticks,1499691938399000000,i1709,4785,4790,1537,4785,377,32,69624,GMT+8
ticks,1499691938899000000,i1709,4785,4790,1530,4785,388,46,69670,GMT+8
ticks,1499691939397000000,i1709,4785,4790,1479,4785,599,0,69670,GMT+8
ticks,1499691939883000000,i1709,4785,4790,1479,4785,640,20,69690,GMT+8
ticks,1499691940402000000,i1709,4785,4790,879,4785,750,18,69708,GMT+8
ticks,1499691940857000000,i1709,4790,4795,1182,4790,370,1762,71470,GMT+8
ticks,1499691941397000000,i1709,4790,4795,1184,4790,361,28,71498,GMT+8
ticks,1499691941883000000,i1709,4790,4790,581,4785,1123,842,72340,GMT+8
ticks,1499691942386000000,i1709,4790,4790,518,4785,1050,206,72546,GMT+8
ticks,1499691942870000000,i1709,4790,4790,495,4785,1023,46,72592,GMT+8
ticks,1499691943393000000,i1709,4790,4790,513,4785,988,116,72708,GMT+8
ticks,1499691943809000000,i1709,4785,4790,508,4785,937,114,72822,GMT+8
ticks,1499691944349000000,i1709,4790,4790,523,4785,934,10,72832,GMT+8
ticks,1499691944898000000,i1709,4790,4790,556,4785,918,12,72844,GMT+8
ticks,1499691945328000000,i1709,4785,4790,559,4785,936,4,72848,GMT+8
ticks,1499691945852000000,i1709,4785,4790,705,4785,920,88,72936,GMT+8
ticks,1499691946399000000,i1709,4785,4790,700,4785,927,18,72954,GMT+8
ticks,1499691946880000000,i1709,4790,4790,690,4785,927,40,72994,GMT+8
ticks,1499691947369000000,i1709,4790,4790,689,4785,939,4,72998,GMT+8
ticks,1499691947889000000,i1709,4785,4790,696,4785,941,4,73002,GMT+8
ticks,1499691948373000000,i1709,4790,4790,680,4785,942,56,73058,GMT+8
ticks,1499691948870000000,i1709,4790,4790,681,4785,944,2,73060,GMT+8
ticks,1499691949381000000,i1709,4785,4790,671,4785,882,30,73090,GMT+8
ticks,1499691950303000000,i1709,4785,4790,682,4785,881,2,73092,GMT+8
ticks,1499691950887000000,i1709,4790,4790,608,4785,881,152,73244,GMT+8
ticks,1499691951405000000,i1709,4785,4790,612,4785,900,4,73248,GMT+8
ticks,1499691951901000000,i1709,4790,4790,536,4785,905,164,73412,GMT+8
ticks,1499691952225000000,i1709,4785,4790,554,4785,903,6,73418,GMT+8
ticks,1499691952760000000,i1709,4790,4790,555,4785,903,4,73422,GMT+8
ticks,1499691953399000000,i1709,4785,4790,533,4785,918,46,73468,GMT+8
ticks,1499691953906000000,i1709,4785,4790,527,4785,913,22,73490,GMT+8
ticks,1499691954220000000,i1709,4785,4790,528,4785,913,0,73490,GMT+8
ticks,1499691954873000000,i1709,4785,4790,528,4785,908,12,73502,GMT+8
ticks,1499691955358000000,i1709,4785,4790,548,4785,914,0,73502,GMT+8
ticks,1499691955828000000,i1709,4790,4790,544,4785,916,16,73518,GMT+8
ticks,1499691956398000000,i1709,4785,4790,549,4785,903,6,73524,GMT+8
ticks,1499691956892000000,i1709,4785,4790,549,4785,897,14,73538,GMT+8
ticks,1499691957407000000,i1709,4790,4790,556,4785,897,2,73540,GMT+8
ticks,1499691957882000000,i1709,4785,4790,557,4785,899,12,73552,GMT+8
ticks,1499691958377000000,i1709,4790,4790,547,4785,915,20,73572,GMT+8
ticks,1499691958846000000,i1709,4790,4795,1036,4790,257,1116,74688,GMT+8
ticks,1499691959403000000,i1709,4790,4795,1033,4790,360,10,74698,GMT+8
ticks,1499691959890000000,i1709,4790,4795,1028,4790,434,12,74710,GMT+8
ticks,1499691960401000000,i1709,4790,4795,460,4790,523,8,74718,GMT+8
ticks,1499691960851000000,i1709,4790,4795,460,4790,505,112,74830,GMT+8
ticks,1499691961391000000,i1709,4790,4795,453,4790,509,18,74848,GMT+8
ticks,1499691961819000000,i1709,4790,4795,608,4790,124,610,75458,GMT+8
ticks,1499691962356000000,i1709,4795,4795,555,4790,104,160,75618,GMT+8
ticks,1499691962878000000,i1709,4795,4795,553,4790,101,32,75650,GMT+8
ticks,1499691963310000000,i1709,4795,4795,569,4790,101,0,75650,GMT+8
ticks,1499691963876000000,i1709,4790,4795,564,4790,110,26,75676,GMT+8
ticks,1499691964322000000,i1709,4790,4795,564,4790,217,0,75676,GMT+8
ticks,1499691964891000000,i1709,4790,4795,594,4790,385,0,75676,GMT+8
ticks,1499691965379000000,i1709,4795,4795,587,4790,416,18,75694,GMT+8
ticks,1499691965865000000,i1709,4795,4795,495,4790,501,8,75702,GMT+8
ticks,1499691966381000000,i1709,4795,4795,525,4790,505,0,75702,GMT+8
ticks,1499691966902000000,i1709,4795,4795,498,4790,519,38,75740,GMT+8
ticks,1499691967406000000,i1709,4795,4795,486,4790,541,18,75758,GMT+8
ticks,1499691967889000000,i1709,4795,4800,1152,4795,153,1164,76922,GMT+8
ticks,1499691968382000000,i1709,4795,4800,1042,4795,350,0,76922,GMT+8
ticks,1499691968903000000,i1709,4795,4800,1039,4795,358,8,76930,GMT+8
ticks,1499691969370000000,i1709,4800,4800,1034,4795,359,10,76940,GMT+8
ticks,1499691969834000000,i1709,4795,4800,1035,4795,338,16,76956,GMT+8
ticks,1499691970344000000,i1709,4795,4800,1035,4795,272,60,77016,GMT+8
ticks,1499691970817000000,i1709,4800,4800,1030,4795,271,12,77028,GMT+8
ticks,1499691971377000000,i1709,4800,4800,1028,4795,287,4,77032,GMT+8
ticks,1499691971887000000,i1709,4800,4800,1021,4795,287,12,77044,GMT+8
ticks,1499691972399000000,i1709,4800,4800,1039,4795,328,4,77048,GMT+8
ticks,1499691972889000000,i1709,4795,4800,1004,4795,434,14,77062,GMT+8
ticks,1499691973320000000,i1709,4795,4800,1019,4795,435,0,77062,GMT+8
ticks,1499691973874000000,i1709,4795,4800,1008,4795,432,32,77094,GMT+8
ticks,1499691974373000000,i1709,4800,4800,1006,4795,471,6,77100,GMT+8
ticks,1499691974892000000,i1709,4800,4800,992,4795,474,26,77126,GMT+8
ticks,1499691975405000000,i1709,4795,4800,992,4795,483,2,77128,GMT+8
ticks,1499691975899000000,i1709,4795,4800,980,4795,482,8,77136,GMT+8
ticks,1499691976368000000,i1709,4795,4800,979,4795,463,6,77142,GMT+8
ticks,1499691976904000000,i1709,4800,4800,958,4795,469,58,77200,GMT+8
ticks,1499691977331000000,i1709,4795,4800,939,4795,472,48,77248,GMT+8
ticks,1499691977794000000,i1709,4800,4800,923,4795,473,38,77286,GMT+8
ticks,1499691978293000000,i1709,4800,4800,923,4795,473,12,77298,GMT+8
ticks,1499691978848000000,i1709,4800,4800,919,4795,482,6,77304,GMT+8
ticks,1499691979407000000,i1709,4800,4800,921,4795,485,6,77310,GMT+8
ticks,1499691979897000000,i1709,4800,4800,918,4795,485,8,77318,GMT+8
ticks,1499691980322000000,i1709,4800,4800,913,4795,510,10,77328,GMT+8
ticks,1499691980814000000,i1709,4795,4800,913,4795,507,8,77336,GMT+8
ticks,1499691981350000000,i1709,4795,4800,914,4795,509,2,77338,GMT+8
ticks,1499691981865000000,i1709,4800,4800,945,4795,510,10,77348,GMT+8
ticks,1499691982404000000,i1709,4800,4800,940,4795,510,12,77360,GMT+8
ticks,1499691982865000000,i1709,4800,4800,943,4795,508,6,77366,GMT+8
ticks,1499691983280000000,i1709,4800,4800,942,4795,512,2,77368,GMT+8
ticks,1499691983893000000,i1709,4795,4800,949,4795,510,8,77376,GMT+8
ticks,1499691984407000000,i1709,4800,4800,943,4795,514,10,77386,GMT+8
ticks,1499691984888000000,i1709,4800,4800,941,4795,530,6,77392,GMT+8
ticks,1499691985407000000,i1709,4795,4800,946,4795,529,6,77398,GMT+8
ticks,1499691985861000000,i1709,4795,4800,963,4795,511,16,77414,GMT+8
ticks,1499691986389000000,i1709,4800,4800,852,4795,1247,32,77446,GMT+8
ticks,1499691986794000000,i1709,4800,4800,851,4795,1247,4,77450,GMT+8
ticks,1499691987380000000,i1709,4800,4800,854,4795,1249,0,77450,GMT+8
ticks,1499691987890000000,i1709,4800,4800,794,4795,1245,138,77588,GMT+8
ticks,1499691988317000000,i1709,4800,4800,762,4795,1245,66,77654,GMT+8
ticks,1499691988896000000,i1709,4800,4800,758,4795,1245,8,77662,GMT+8
ticks,1499691989335000000,i1709,4800,4800,752,4795,1247,12,77674,GMT+8
ticks,1499691989895000000,i1709,4795,4800,651,4795,1248,204,77878,GMT+8
ticks,1499691990407000000,i1709,4800,4800,610,4795,1250,90,77968,GMT+8
ticks,1499691990861000000,i1709,4800,4800,491,4795,518,240,78208,GMT+8
ticks,1499691991400000000,i1709,4800,4800,273,4795,537,510,78718,GMT+8
ticks,1499691991896000000,i1709,4800,4800,217,4795,538,126,78844,GMT+8
ticks,1499691992399000000,i1709,4800,4800,286,4795,537,38,78882,GMT+8
ticks,1499691992801000000,i1709,4800,4805,1102,4800,130,574,79456,GMT+8
ticks,1499691993376000000,i1709,4800,4800,743,4795,548,328,79784,GMT+8
ticks,1499691993890000000,i1709,4800,4800,773,4795,543,16,79800,GMT+8
ticks,1499691994353000000,i1709,4800,4800,873,4795,546,24,79824,GMT+8
ticks,1499691994817000000,i1709,4800,4800,825,4795,509,22,79846,GMT+8
ticks,1499691995365000000,i1709,4800,4805,912,4800,131,1406,81252,GMT+8
ticks,1499691995881000000,i1709,4800,4805,1112,4800,253,0,81252,GMT+8
ticks,1499691996293000000,i1709,4800,4805,1113,4800,292,24,81276,GMT+8
ticks,1499691996870000000,i1709,4800,4805,1092,4800,383,32,81308,GMT+8
ticks,1499691997382000000,i1709,4800,4805,1091,4800,360,30,81338,GMT+8
ticks,1499691997866000000,i1709,4800,4805,1091,4800,407,2,81340,GMT+8
ticks,1499691998380000000,i1709,4800,4805,1091,4800,429,8,81348,GMT+8
ticks,1499691998853000000,i1709,4805,4805,1086,4800,434,10,81358,GMT+8
ticks,1499691999373000000,i1709,4805,4805,1076,4800,560,28,81386,GMT+8
ticks,1499691999906000000,i1709,4800,4805,1078,4800,566,2,81388,GMT+8
ticks,1499692000399000000,i1709,4800,4805,1073,4800,619,20,81408,GMT+8
ticks,1499692000867000000,i1709,4805,4805,1070,4800,630,6,81414,GMT+8
ticks,1499692001404000000,i1709,4805,4805,1069,4800,632,2,81416,GMT+8
ticks,1499692001904000000,i1709,4805,4805,1063,4800,634,14,81430,GMT+8
ticks,1499692002292000000,i1709,4805,4805,1061,4800,637,4,81434,GMT+8
ticks,1499692002903000000,i1709,4800,4805,1062,4800,633,8,81442,GMT+8
ticks,1499692003396000000,i1709,4805,4805,1032,4800,640,64,81506,GMT+8
ticks,1499692003797000000,i1709,4805,4805,1031,4800,643,12,81518,GMT+8
ticks,1499692004369000000,i1709,4805,4805,1031,4800,644,0,81518,GMT+8
ticks,1499692004872000000,i1709,4800,4805,1030,4800,645,4,81522,GMT+8
ticks,1499692005315000000,i1709,4800,4805,1031,4800,653,4,81526,GMT+8
ticks,1499692005821000000,i1709,4805,4805,1021,4800,652,22,81548,GMT+8
ticks,1499692006366000000,i1709,4805,4805,1019,4800,651,2,81550,GMT+8
ticks,1499692006864000000,i1709,4800,4805,1016,4800,232,708,82258,GMT+8
ticks,1499692007382000000,i1709,4800,4800,705,4795,494,530,82788,GMT+8
ticks,1499692007889000000,i1709,4800,4800,730,4795,408,42,82830,GMT+8
ticks,1499692008345000000,i1709,4800,4800,745,4795,409,18,82848,GMT+8
ticks,1499692008891000000,i1709,4800,4800,703,4795,408,40,82888,GMT+8
ticks,1499692009373000000,i1709,4800,4800,698,4795,407,12,82900,GMT+8
ticks,1499692009881000000,i1709,4800,4800,669,4795,458,64,82964,GMT+8
ticks,1499692010405000000,i1709,4800,4800,709,4795,458,28,82992,GMT+8
ticks,1499692010894000000,i1709,4800,4800,658,4795,458,18,83010,GMT+8
ticks,1499692011404000000,i1709,4800,4800,652,4795,464,24,83034,GMT+8
ticks,1499692011901000000,i1709,4800,4800,647,4795,464,14,83048,GMT+8
ticks,1499692012391000000,i1709,4800,4800,656,4795,464,0,83048,GMT+8
ticks,1499692012870000000,i1709,4795,4800,654,4795,462,8,83056,GMT+8
ticks,1499692013404000000,i1709,4795,4800,655,4795,464,0,83056,GMT+8
ticks,1499692013842000000,i1709,4800,4800,630,4795,465,54,83110,GMT+8
ticks,1499692014186000000,i1709,4800,4800,629,4795,463,6,83116,GMT+8
ticks,1499692014889000000,i1709,4800,4800,628,4795,543,4,83120,GMT+8
ticks,1499692015364000000,i1709,4800,4800,628,4795,526,10,83130,GMT+8
ticks,1499692015871000000,i1709,4800,4800,617,4795,526,24,83154,GMT+8
ticks,1499692016404000000,i1709,4800,4800,611,4795,533,12,83166,GMT+8
ticks,1499692016879000000,i1709,4800,4800,612,4795,533,0,83166,GMT+8
ticks,1499692017366000000,i1709,4800,4800,644,4795,534,2,83168,GMT+8
ticks,1499692017903000000,i1709,4800,4800,604,4795,555,16,83184,GMT+8
ticks,1499692018333000000,i1709,4800,4800,604,4795,562,0,83184,GMT+8
ticks,1499692018897000000,i1709,4800,4800,628,4795,563,6,83190,GMT+8
ticks,1499692019391000000,i1709,4795,4800,662,4795,564,6,83196,GMT+8
ticks,1499692019893000000,i1709,4800,4800,669,4795,561,12,83208,GMT+8
ticks,1499692020385000000,i1709,4800,4800,625,4795,571,16,83224,GMT+8
ticks,1499692020844000000,i1709,4800,4800,576,4795,943,4,83228,GMT+8
ticks,1499692021394000000,i1709,4800,4800,935,4795,222,1472,84700,GMT+8
ticks,1499692021843000000,i1709,4800,4800,937,4795,206,2,84702,GMT+8
ticks,1499692022380000000,i1709,4800,4800,981,4795,216,0,84702,GMT+8
ticks,1499692022907000000,i1709,4795,4795,452,4790,805,456,85158,GMT+8
ticks,1499692023295000000,i1709,4795,4795,492,4790,797,22,85180,GMT+8
ticks,1499692023883000000,i1709,4795,4795,492,4790,789,4,85184,GMT+8
ticks,1499692024389000000,i1709,4795,4795,490,4790,793,4,85188,GMT+8
ticks,1499692024904000000,i1709,4795,4795,486,4790,813,10,85198,GMT+8
ticks,1499692025098000000,i1709,4795,4795,449,4790,812,48,85246,GMT+8
ticks,1499692025903000000,i1709,4795,4795,411,4790,812,2,85248,GMT+8
ticks,1499692026340000000,i1709,4795,4795,403,4790,822,16,85264,GMT+8
ticks,1499692026879000000,i1709,4795,4795,398,4790,822,10,85274,GMT+8
ticks,1499692027386000000,i1709,4795,4795,398,4790,820,0,85274,GMT+8
ticks,1499692027832000000,i1709,4790,4795,446,4790,818,4,85278,GMT+8
ticks,1499692028368000000,i1709,4795,4795,450,4790,821,8,85286,GMT+8
ticks,1499692028868000000,i1709,4795,4795,416,4790,822,2,85288,GMT+8
ticks,1499692029393000000,i1709,4795,4795,418,4790,818,0,85288,GMT+8
ticks,1499692029871000000,i1709,4795,4795,414,4790,815,10,85298,GMT+8
ticks,1499692030401000000,i1709,4790,4795,407,4790,831,16,85314,GMT+8
ticks,1499692030749000000,i1709,4790,4795,407,4790,829,0,85314,GMT+8
ticks,1499692031363000000,i1709,4795,4795,429,4790,829,32,85346,GMT+8
ticks,1499692031903000000,i1709,4795,4795,430,4790,831,0,85346,GMT+8
ticks,1499692032396000000,i1709,4790,4795,425,4790,829,22,85368,GMT+8
ticks,1499692032904000000,i1709,4795,4795,425,4790,821,18,85386,GMT+8
ticks,1499692033387000000,i1709,4795,4795,424,4790,827,2,85388,GMT+8
ticks,1499692033865000000,i1709,4790,4795,419,4790,842,12,85400,GMT+8
ticks,1499692034398000000,i1709,4795,4795,414,4790,843,12,85412,GMT+8
ticks,1499692034811000000,i1709,4790,4795,414,4790,842,2,85414,GMT+8
ticks,1499692035379000000,i1709,4790,4795,415,4790,819,46,85460,GMT+8
ticks,1499692035894000000,i1709,4795,4795,411,4790,820,16,85476,GMT+8
ticks,1499692036354000000,i1709,4795,4795,409,4790,826,4,85480,GMT+8
ticks,1499692036848000000,i1709,4795,4795,442,4790,826,0,85480,GMT+8
ticks,1499692037348000000,i1709,4795,4795,467,4790,829,10,85490,GMT+8
ticks,1499692037890000000,i1709,4795,4795,447,4790,825,50,85540,GMT+8
ticks,1499692038402000000,i1709,4795,4795,222,4790,841,496,86036,GMT+8
ticks,1499692038905000000,i1709,4795,4795,224,4790,842,8,86044,GMT+8
ticks,1499692039302000000,i1709,4795,4795,106,4790,841,172,86216,GMT+8
ticks,1499692039843000000,i1709,4795,4795,106,4790,842,0,86216,GMT+8
ticks,1499692040397000000,i1709,4795,4795,96,4790,844,20,86236,GMT+8
ticks,1499692040836000000,i1709,4795,4795,78,4790,853,38,86274,GMT+8
ticks,1499692041354000000,i1709,4790,4795,78,4790,856,2,86276,GMT+8
ticks,1499692041879000000,i1709,4795,4795,44,4790,854,134,86410,GMT+8
ticks,1499692042380000000,i1709,4795,4795,42,4790,855,4,86414,GMT+8
ticks,1499692042905000000,i1709,4795,4795,589,4790,854,10,86424,GMT+8
ticks,1499692043317000000,i1709,4795,4795,748,4790,774,4,86428,GMT+8
ticks,1499692043887000000,i1709,4795,4795,768,4790,773,4,86432,GMT+8
ticks,1499692044245000000,i1709,4795,4795,770,4790,773,2,86434,GMT+8
ticks,1499692044871000000,i1709,4795,4795,764,4790,771,26,86460,GMT+8
ticks,1499692045350000000,i1709,4795,4795,764,4790,769,0,86460,GMT+8
ticks,1499692045886000000,i1709,4795,4795,758,4790,765,12,86472,GMT+8
ticks,1499692046386000000,i1709,4790,4795,759,4790,755,20,86492,GMT+8
ticks,1499692046800000000,i1709,4790,4795,758,4790,755,4,86496,GMT+8
ticks,1499692047385000000,i1709,4790,4795,757,4790,769,8,86504,GMT+8
ticks,1499692047780000000,i1709,4795,4795,784,4790,760,14,86518,GMT+8
ticks,1499692048403000000,i1709,4790,4795,783,4790,757,8,86526,GMT+8
ticks,1499692048621000000,i1709,4795,4795,781,4790,757,4,86530,GMT+8
ticks,1499692049394000000,i1709,4790,4795,739,4790,773,12,86542,GMT+8
ticks,1499692049843000000,i1709,4790,4795,769,4790,774,0,86542,GMT+8
ticks,1499692050406000000,i1709,4790,4795,769,4790,768,0,86542,GMT+8
ticks,1499692050859000000,i1709,4790,4795,769,4790,772,0,86542,GMT+8
ticks,1499692051362000000,i1709,4790,4795,767,4790,736,44,86586,GMT+8
ticks,1499692051841000000,i1709,4790,4795,769,4790,746,2,86588,GMT+8
ticks,1499692052405000000,i1709,4795,4795,759,4790,746,20,86608,GMT+8
ticks,1499692052801000000,i1709,4790,4795,759,4790,746,2,86610,GMT+8
ticks,1499692053343000000,i1709,4795,4795,754,4790,747,10,86620,GMT+8
ticks,1499692053870000000,i1709,4790,4795,748,4790,742,22,86642,GMT+8
ticks,1499692054247000000,i1709,4790,4795,749,4790,746,0,86642,GMT+8
ticks,1499692054890000000,i1709,4795,4795,744,4790,743,10,86652,GMT+8
ticks,1499692055351000000,i1709,4795,4795,743,4790,744,2,86654,GMT+8
ticks,1499692055842000000,i1709,4795,4795,736,4790,747,14,86668,GMT+8
ticks,1499692056385000000,i1709,4795,4795,736,4790,748,0,86668,GMT+8
ticks,1499692056865000000,i1709,4795,4795,726,4790,856,24,86692,GMT+8
ticks,1499692057401000000,i1709,4790,4795,727,4790,855,2,86694,GMT+8
ticks,1499692057846000000,i1709,4790,4795,727,4790,935,2,86696,GMT+8
ticks,1499692058346000000,i1709,4795,4795,723,4790,937,10,86706,GMT+8
ticks,1499692058737000000,i1709,4790,4795,723,4790,935,4,86710,GMT+8
ticks,1499692059315000000,i1709,4790,4795,1225,4790,784,200,86910,GMT+8
ticks,1499692059846000000,i1709,4795,4795,1220,4790,784,12,86922,GMT+8
ticks,1499692060265000000,i1709,4790,4795,1220,4790,783,4,86926,GMT+8
ticks,1499692060689000000,i1709,4790,4795,1220,4790,781,4,86930,GMT+8
ticks,1499692061393000000,i1709,4790,4795,1220,4790,782,0,86930,GMT+8
ticks,1499692061892000000,i1709,4795,4795,1215,4790,782,10,86940,GMT+8
ticks,1499692062304000000,i1709,4790,4795,1215,4790,794,18,86958,GMT+8
ticks,1499692062860000000,i1709,4795,4795,1213,4790,806,6,86964,GMT+8
ticks,1499692063356000000,i1709,4795,4795,1207,4790,786,12,86976,GMT+8
ticks,1499692063885000000,i1709,4790,4795,1207,4790,782,8,86984,GMT+8
ticks,1499692064316000000,i1709,4790,4795,1207,4790,783,0,86984,GMT+8
ticks,1499692064639000000,i1709,4790,4795,1208,4790,784,2,86986,GMT+8
ticks,1499692065313000000,i1709,4790,4795,1210,4790,792,0,86986,GMT+8
ticks,1499692065872000000,i1709,4795,4795,1210,4790,792,4,86990,GMT+8
ticks,1499692066379000000,i1709,4790,4795,1210,4790,777,2,86992,GMT+8
ticks,1499692066852000000,i1709,4795,4795,1205,4790,775,14,87006,GMT+8
ticks,1499692067360000000,i1709,4790,4795,1205,4790,780,2,87008,GMT+8
ticks,1499692067804000000,i1709,4790,4795,1205,4790,794,2,87010,GMT+8
ticks,1499692068207000000,i1709,4790,4795,1207,4790,793,2,87012,GMT+8
ticks,1499692068903000000,i1709,4795,4795,1208,4790,787,12,87024,GMT+8
ticks,1499692069309000000,i1709,4795,4795,1207,4790,805,2,87026,GMT+8
ticks,1499692069814000000,i1709,4790,4795,1206,4790,797,14,87040,GMT+8
ticks,1499692070392000000,i1709,4795,4795,1205,4790,795,2,87042,GMT+8
ticks,1499692070791000000,i1709,4795,4795,1202,4790,845,12,87054,GMT+8
ticks,1499692071406000000,i1709,4790,4795,1202,4790,843,4,87058,GMT+8
ticks,1499692071889000000,i1709,4790,4795,1193,4790,848,22,87080,GMT+8
ticks,1499692072781000000,i1709,4790,4795,1191,4790,847,8,87088,GMT+8
ticks,1499692073231000000,i1709,4795,4795,1186,4790,847,10,87098,GMT+8
ticks,1499692073881000000,i1709,4795,4795,1184,4790,849,0,87098,GMT+8
ticks,1499692074902000000,i1709,4795,4795,1181,4790,849,10,87108,GMT+8
ticks,1499692075235000000,i1709,4795,4795,1218,4790,852,0,87108,GMT+8
ticks,1499692075892000000,i1709,4790,4795,1220,4790,850,4,87112,GMT+8
ticks,1499692076198000000,i1709,4790,4795,1220,4790,847,6,87118,GMT+8
ticks,1499692076789000000,i1709,4795,4795,1215,4790,846,12,87130,GMT+8
ticks,1499692077388000000,i1709,4795,4795,1212,4790,849,6,87136,GMT+8
ticks,1499692077754000000,i1709,4790,4795,1212,4790,839,22,87158,GMT+8
ticks,1499692078282000000,i1709,4790,4795,1207,4790,838,12,87170,GMT+8
ticks,1499692078880000000,i1709,4790,4795,1207,4790,838,2,87172,GMT+8
ticks,1499692079847000000,i1709,4790,4795,1208,4790,840,2,87174,GMT+8
ticks,1499692080395000000,i1709,4795,4795,1194,4790,844,32,87206,GMT+8
ticks,1499692080867000000,i1709,4790,4795,1190,4790,838,20,87226,GMT+8
ticks,1499692081318000000,i1709,4790,4795,1190,4790,843,0,87226,GMT+8
ticks,1499692081792000000,i1709,4790,4795,1190,4790,845,0,87226,GMT+8
ticks,1499692082394000000,i1709,4790,4795,1190,4790,843,4,87230,GMT+8
ticks,1499692082831000000,i1709,4790,4795,1191,4790,847,0,87230,GMT+8
ticks,1499692083884000000,i1709,4795,4795,1187,4790,848,10,87240,GMT+8
ticks,1499692084298000000,i1709,4790,4795,1287,4790,848,2,87242,GMT+8
ticks,1499692084900000000,i1709,4795,4795,1287,4790,853,4,87246,GMT+8
ticks,1499692085400000000,i1709,4790,4795,1282,4790,899,12,87258,GMT+8
ticks,1499692085874000000,i1709,4790,4795,1282,4790,897,4,87262,GMT+8
ticks,1499692086363000000,i1709,4790,4795,1282,4790,898,0,87262,GMT+8
ticks,1499692086840000000,i1709,4795,4795,1275,4790,926,14,87276,GMT+8
ticks,1499692087275000000,i1709,4795,4795,1275,4790,937,0,87276,GMT+8
ticks,1499692087908000000,i1709,4790,4795,1273,4790,948,8,87284,GMT+8
ticks,1499692088303000000,i1709,4795,4795,1257,4790,931,68,87352,GMT+8
ticks,1499692088736000000,i1709,4790,4795,1247,4790,935,22,87374,GMT+8
ticks,1499692089406000000,i1709,4790,4795,1247,4790,938,0,87374,GMT+8
ticks,1499692089728000000,i1709,4790,4795,1247,4790,936,4,87378,GMT+8
ticks,1499692090369000000,i1709,4795,4795,1242,4790,942,10,87388,GMT+8
ticks,1499692090839000000,i1709,4795,4795,1242,4790,944,0,87388,GMT+8
ticks,1499692091367000000,i1709,4795,4795,1241,4790,943,2,87390,GMT+8
ticks,1499692091828000000,i1709,4795,4795,1236,4790,945,34,87424,GMT+8
ticks,1499692092394000000,i1709,4795,4795,1235,4790,958,2,87426,GMT+8
ticks,1499692093405000000,i1709,4795,4795,1239,4790,988,8,87434,GMT+8
ticks,1499692093900000000,i1709,4795,4795,1223,4790,1054,36,87470,GMT+8
ticks,1499692094370000000,i1709,4795,4795,1222,4790,1047,10,87480,GMT+8
ticks,1499692094866000000,i1709,4795,4795,1223,4790,1049,0,87480,GMT+8
ticks,1499692095359000000,i1709,4795,4795,1212,4790,1079,22,87502,GMT+8
ticks,1499692095820000000,i1709,4790,4795,1212,4790,1078,2,87504,GMT+8
ticks,1499692096405000000,i1709,4795,4795,1207,4790,1084,10,87514,GMT+8
ticks,1499692096894000000,i1709,4795,4795,1205,4790,1085,4,87518,GMT+8
ticks,1499692097382000000,i1709,4790,4795,1188,4790,1083,38,87556,GMT+8
ticks,1499692097828000000,i1709,4795,4795,1180,4790,1083,18,87574,GMT+8
ticks,1499692098408000000,i1709,4795,4795,1180,4790,1021,0,87574,GMT+8
ticks,1499692098757000000,i1709,4790,4795,1180,4790,1022,4,87578,GMT+8
ticks,1499692099330000000,i1709,4795,4795,1176,4790,1025,12,87590,GMT+8
ticks,1499692099805000000,i1709,4795,4795,1177,4790,1027,0,87590,GMT+8
ticks,1499692100402000000,i1709,4790,4795,1177,4790,1024,12,87602,GMT+8
ticks,1499692101313000000,i1709,4795,4795,1158,4790,1024,38,87640,GMT+8
ticks,1499692101896000000,i1709,4790,4795,1158,4790,1020,6,87646,GMT+8
ticks,1499692102405000000,i1709,4795,4795,1143,4790,1019,70,87716,GMT+8
ticks,1499692102859000000,i1709,4795,4795,1138,4790,1020,10,87726,GMT+8
ticks,1499692103212000000,i1709,4790,4795,1133,4790,1021,12,87738,GMT+8
ticks,1499692103734000000,i1709,4795,4795,1132,4790,1021,4,87742,GMT+8
ticks,1499692104344000000,i1709,4795,4795,1132,4790,1024,0,87742,GMT+8
ticks,1499692104891000000,i1709,4790,4795,1127,4790,1034,16,87758,GMT+8
ticks,1499692105038000000,i1709,4795,4795,1126,4790,1035,2,87760,GMT+8
ticks,1499692105711000000,i1709,4795,4795,1126,4790,1037,0,87760,GMT+8
ticks,1499692106275000000,i1709,4795,4795,1121,4790,1046,12,87772,GMT+8
ticks,1499692106767000000,i1709,4790,4795,1121,4790,1045,2,87774,GMT+8
ticks,1499692107374000000,i1709,4795,4795,1120,4790,1045,2,87776,GMT+8
ticks,1499692108396000000,i1709,4795,4795,1120,4790,1056,0,87776,GMT+8
ticks,1499692108849000000,i1709,4795,4795,1114,4790,1058,12,87788,GMT+8
ticks,1499692109386000000,i1709,4795,4795,1108,4790,1058,12,87800,GMT+8
ticks,1499692109703000000,i1709,4795,4795,1108,4790,1059,0,87800,GMT+8
ticks,1499692110383000000,i1709,4795,4795,1103,4790,1095,10,87810,GMT+8
ticks,1499692111337000000,i1709,4795,4795,1095,4790,1095,18,87828,GMT+8
ticks,1499692111573000000,i1709,4790,4795,1095,4790,1094,4,87832,GMT+8
ticks,1499692112370000000,i1709,4795,4795,1093,4790,1095,12,87844,GMT+8
ticks,1499692113184000000,i1709,4795,4795,1092,4790,1096,2,87846,GMT+8
ticks,1499692113803000000,i1709,4790,4795,1093,4790,1071,10,87856,GMT+8
ticks,1499692114369000000,i1709,4795,4795,1088,4790,1068,10,87866,GMT+8
ticks,1499692114907000000,i1709,4795,4795,1087,4790,1076,2,87868,GMT+8
ticks,1499692115366000000,i1709,4795,4795,1087,4790,1084,0,87868,GMT+8
ticks,1499692115902000000,i1709,4795,4795,1087,4790,1085,0,87868,GMT+8
ticks,1499692116405000000,i1709,4795,4795,1078,4790,1087,18,87886,GMT+8
ticks,1499692116861000000,i1709,4795,4795,1076,4790,1136,4,87890,GMT+8
ticks,1499692117025000000,i1709,4795,4795,1077,4790,1136,0,87890,GMT+8
ticks,1499692117830000000,i1709,4790,4795,1077,4790,1134,4,87894,GMT+8
ticks,1499692118323000000,i1709,4795,4795,1071,4790,1134,10,87904,GMT+8
ticks,1499692118873000000,i1709,4795,4795,1070,4790,1129,6,87910,GMT+8
ticks,1499692119291000000,i1709,4790,4795,1085,4790,1154,2,87912,GMT+8
ticks,1499692119821000000,i1709,4795,4795,1084,4790,1153,6,87918,GMT+8
ticks,1499692120403000000,i1709,4790,4795,1078,4790,1145,30,87948,GMT+8
ticks,1499692120687000000,i1709,4795,4795,1074,4790,1145,8,87956,GMT+8
ticks,1499692121309000000,i1709,4795,4795,1069,4790,1146,10,87966,GMT+8
ticks,1499692121811000000,i1709,4795,4795,1068,4790,1144,4,87970,GMT+8
ticks,1499692122291000000,i1709,4795,4795,1064,4790,1144,8,87978,GMT+8
ticks,1499692123712000000,i1709,4795,4795,1063,4790,1144,0,87978,GMT+8
ticks,1499692124277000000,i1709,4795,4795,1063,4790,1145,0,87978,GMT+8
ticks,1499692124882000000,i1709,4795,4795,1063,4790,1165,0,87978,GMT+8
ticks,1499692125406000000,i1709,4795,4795,1063,4790,1175,0,87978,GMT+8
ticks,1499692125852000000,i1709,4795,4795,927,4790,1174,214,88192,GMT+8
ticks,1499692126239000000,i1709,4795,4795,895,4790,1175,60,88252,GMT+8
ticks,1499692126850000000,i1709,4795,4795,766,4790,1175,60,88312,GMT+8
ticks,1499692127336000000,i1709,4795,4795,666,4790,1176,200,88512,GMT+8
ticks,1499692127859000000,i1709,4795,4795,643,4790,1176,76,88588,GMT+8
ticks,1499692128338000000,i1709,4795,4795,633,4790,1176,20,88608,GMT+8
ticks,1499692128847000000,i1709,4795,4795,623,4790,1183,20,88628,GMT+8
ticks,1499692129401000000,i1709,4795,4800,1270,4795,157,1256,89884,GMT+8
ticks,1499692129888000000,i1709,4795,4800,1207,4795,357,20,89904,GMT+8
ticks,1499692130312000000,i1709,4795,4800,1206,4795,481,4,89908,GMT+8
ticks,1499692130887000000,i1709,4795,4800,1206,4795,478,0,89908,GMT+8
ticks,1499692131318000000,i1709,4795,4800,1206,4795,506,2,89910,GMT+8
ticks,1499692131848000000,i1709,4795,4800,1195,4795,481,36,89946,GMT+8
ticks,1499692132375000000,i1709,4800,4800,1189,4795,479,2,89948,GMT+8
ticks,1499692132899000000,i1709,4795,4800,1189,4795,482,4,89952,GMT+8
ticks,1499692133379000000,i1709,4800,4800,1187,4795,487,4,89956,GMT+8
ticks,1499692133907000000,i1709,4800,4800,1192,4795,506,10,89966,GMT+8
ticks,1499692134397000000,i1709,4800,4800,1094,4795,503,210,90176,GMT+8
ticks,1499692134892000000,i1709,4795,4800,1095,4795,499,10,90186,GMT+8
ticks,1499692135350000000,i1709,4795,4800,1094,4795,496,10,90196,GMT+8
ticks,1499692135905000000,i1709,4795,4800,1092,4795,508,8,90204,GMT+8
ticks,1499692136383000000,i1709,4795,4800,1088,4795,507,12,90216,GMT+8
ticks,1499692136791000000,i1709,4795,4800,1089,4795,517,2,90218,GMT+8
ticks,1499692137387000000,i1709,4795,4800,1089,4795,515,4,90222,GMT+8
ticks,1499692137842000000,i1709,4800,4800,1084,4795,511,22,90244,GMT+8
ticks,1499692138371000000,i1709,4800,4800,1083,4795,514,2,90246,GMT+8
ticks,1499692138856000000,i1709,4800,4800,1082,4795,522,2,90248,GMT+8
ticks,1499692139382000000,i1709,4800,4800,1062,4795,541,40,90288,GMT+8
ticks,1499692139904000000,i1709,4795,4800,1062,4795,539,4,90292,GMT+8
ticks,1499692140258000000,i1709,4800,4800,1056,4795,549,10,90302,GMT+8
ticks,1499692140902000000,i1709,4800,4800,1047,4795,543,20,90322,GMT+8
ticks,1499692141384000000,i1709,4800,4800,1039,4795,543,16,90338,GMT+8
ticks,1499692141800000000,i1709,4800,4800,1050,4795,545,10,90348,GMT+8
ticks,1499692142235000000,i1709,4795,4800,1050,4795,543,4,90352,GMT+8
ticks,1499692142874000000,i1709,4795,4800,1050,4795,538,0,90352,GMT+8
ticks,1499692143385000000,i1709,4795,4800,1045,4795,535,30,90382,GMT+8
ticks,1499692143793000000,i1709,4795,4800,1047,4795,539,0,90382,GMT+8
ticks,1499692144209000000,i1709,4795,4800,1046,4795,539,0,90382,GMT+8
ticks,1499692144898000000,i1709,4800,4800,1042,4795,542,10,90392,GMT+8
ticks,1499692145352000000,i1709,4800,4800,1040,4795,543,4,90396,GMT+8
ticks,1499692145789000000,i1709,4800,4800,1041,4795,547,2,90398,GMT+8
ticks,1499692146343000000,i1709,4800,4800,1041,4795,552,0,90398,GMT+8
ticks,1499692146898000000,i1709,4800,4800,1034,4795,553,16,90414,GMT+8
ticks,1499692147328000000,i1709,4800,4800,1004,4795,554,0,90414,GMT+8
ticks,1499692147776000000,i1709,4795,4800,1002,4795,554,2,90416,GMT+8
ticks,1499692148341000000,i1709,4800,4800,1002,4795,571,2,90418,GMT+8
ticks,1499692148791000000,i1709,4800,4800,998,4795,582,10,90428,GMT+8
ticks,1499692149403000000,i1709,4795,4800,998,4795,587,2,90430,GMT+8
ticks,1499692149852000000,i1709,4800,4800,997,4795,587,4,90434,GMT+8
ticks,1499692150326000000,i1709,4795,4800,990,4795,585,16,90450,GMT+8
ticks,1499692150820000000,i1709,4795,4800,991,4795,586,2,90452,GMT+8
ticks,1499692151210000000,i1709,4795,4800,991,4795,588,2,90454,GMT+8
ticks,1499692151808000000,i1709,4795,4800,1010,4795,586,4,90458,GMT+8
ticks,1499692152291000000,i1709,4800,4800,1005,4795,561,10,90468,GMT+8
ticks,1499692152840000000,i1709,4800,4800,1003,4795,519,4,90472,GMT+8
ticks,1499692153396000000,i1709,4800,4800,999,4795,521,6,90478,GMT+8
ticks,1499692153843000000,i1709,4800,4800,993,4795,522,10,90488,GMT+8
ticks,1499692154381000000,i1709,4800,4800,988,4795,520,10,90498,GMT+8
ticks,1499692154902000000,i1709,4795,4800,989,4795,528,4,90502,GMT+8
ticks,1499692155367000000,i1709,4800,4800,985,4795,526,10,90512,GMT+8
ticks,1499692155749000000,i1709,4800,4800,981,4795,575,12,90524,GMT+8
ticks,1499692156393000000,i1709,4800,4800,960,4795,575,0,90524,GMT+8
ticks,1499692156894000000,i1709,4800,4800,959,4795,596,2,90526,GMT+8
ticks,1499692157391000000,i1709,4800,4800,953,4795,601,14,90540,GMT+8
ticks,1499692157885000000,i1709,4800,4800,952,4795,602,2,90542,GMT+8
ticks,1499692158382000000,i1709,4800,4800,954,4795,803,0,90542,GMT+8
ticks,1499692158812000000,i1709,4800,4800,957,4795,802,0,90542,GMT+8
ticks,1499692159409000000,i1709,4800,4800,952,4795,805,12,90554,GMT+8
ticks,1499692159827000000,i1709,4800,4800,951,4795,806,2,90556,GMT+8
ticks,1499692160388000000,i1709,4800,4800,951,4795,819,0,90556,GMT+8
ticks,1499692160618000000,i1709,4800,4800,941,4795,821,16,90572,GMT+8
ticks,1499692161408000000,i1709,4800,4800,941,4795,821,10,90582,GMT+8
ticks,1499692161797000000,i1709,4795,4800,934,4795,817,22,90604,GMT+8
ticks,1499692162292000000,i1709,4795,4800,935,4795,836,0,90604,GMT+8
ticks,1499692162875000000,i1709,4800,4800,885,4795,838,104,90708,GMT+8
ticks,1499692163362000000,i1709,4800,4800,874,4795,838,24,90732,GMT+8
ticks,1499692163858000000,i1709,4800,4800,853,4795,837,44,90776,GMT+8
ticks,1499692164397000000,i1709,4800,4800,849,4795,836,8,90784,GMT+8
ticks,1499692164881000000,i1709,4800,4800,851,4795,835,8,90792,GMT+8
ticks,1499692165226000000,i1709,4800,4800,853,4795,836,12,90804,GMT+8
ticks,1499692165838000000,i1709,4800,4800,853,4795,851,0,90804,GMT+8
ticks,1499692166404000000,i1709,4800,4800,786,4795,857,134,90938,GMT+8
ticks,1499692166797000000,i1709,4800,4800,785,4795,907,2,90940,GMT+8
ticks,1499692167388000000,i1709,4800,4800,760,4795,936,52,90992,GMT+8
ticks,1499692167822000000,i1709,4800,4800,760,4795,957,12,91004,GMT+8
ticks,1499692168408000000,i1709,4800,4800,757,4795,956,10,91014,GMT+8
ticks,1499692168806000000,i1709,4800,4800,752,4795,967,12,91026,GMT+8
ticks,1499692169389000000,i1709,4800,4800,749,4795,967,8,91034,GMT+8
ticks,1499692169768000000,i1709,4800,4800,747,4795,972,4,91038,GMT+8
ticks,1499692170359000000,i1709,4800,4805,988,4800,389,1498,92536,GMT+8
ticks,1499692170905000000,i1709,4805,4805,789,4800,431,400,92936,GMT+8
ticks,1499692171409000000,i1709,4805,4805,701,4800,606,2,92938,GMT+8
ticks,1499692171897000000,i1709,4800,4805,702,4800,687,2,92940,GMT+8
ticks,1499692172355000000,i1709,4800,4805,711,4800,686,14,92954,GMT+8
ticks,1499692172892000000,i1709,4805,4805,710,4800,668,2,92956,GMT+8
ticks,1499692173360000000,i1709,4805,4805,709,4800,669,0,92956,GMT+8
ticks,1499692173873000000,i1709,4805,4805,745,4800,779,22,92978,GMT+8
ticks,1499692174398000000,i1709,4800,4805,765,4800,781,2,92980,GMT+8
ticks,1499692174885000000,i1709,4805,4805,763,4800,800,2,92982,GMT+8
ticks,1499692175369000000,i1709,4800,4805,760,4800,799,12,92994,GMT+8
ticks,1499692175880000000,i1709,4800,4805,750,4800,800,20,93014,GMT+8
ticks,1499692176343000000,i1709,4800,4805,750,4800,806,0,93014,GMT+8
ticks,1499692176909000000,i1709,4805,4805,742,4800,808,14,93028,GMT+8
ticks,1499692177301000000,i1709,4805,4805,737,4800,810,10,93038,GMT+8
ticks,1499692177892000000,i1709,4800,4805,737,4800,826,4,93042,GMT+8
ticks,1499692178384000000,i1709,4800,4805,738,4800,826,0,93042,GMT+8
ticks,1499692178909000000,i1709,4800,4805,660,4800,827,0,93042,GMT+8
ticks,1499692179406000000,i1709,4805,4805,659,4800,827,14,93056,GMT+8
ticks,1499692179889000000,i1709,4805,4805,658,4800,819,2,93058,GMT+8
ticks,1499692180341000000,i1709,4805,4805,608,4800,820,0,93058,GMT+8
ticks,1499692180881000000,i1709,4805,4805,612,4800,827,12,93070,GMT+8
ticks,1499692181329000000,i1709,4805,4805,601,4800,835,28,93098,GMT+8
ticks,1499692181876000000,i1709,4800,4805,601,4800,844,2,93100,GMT+8
ticks,1499692182385000000,i1709,4805,4805,595,4800,790,32,93132,GMT+8
ticks,1499692182732000000,i1709,4805,4805,648,4800,790,18,93150,GMT+8
ticks,1499692183389000000,i1709,4805,4805,621,4800,789,58,93208,GMT+8
ticks,1499692183869000000,i1709,4805,4805,572,4800,811,98,93306,GMT+8
ticks,1499692184349000000,i1709,4805,4805,563,4800,813,18,93324,GMT+8
ticks,1499692184884000000,i1709,4805,4805,564,4800,820,4,93328,GMT+8
ticks,1499692185891000000,i1709,4805,4805,545,4800,818,42,93370,GMT+8
ticks,1499692186382000000,i1709,4805,4805,544,4800,815,4,93374,GMT+8
ticks,1499692186887000000,i1709,4805,4805,534,4800,818,10,93384,GMT+8
ticks,1499692187340000000,i1709,4805,4805,520,4800,819,28,93412,GMT+8
ticks,1499692187778000000,i1709,4805,4805,520,4800,828,0,93412,GMT+8
ticks,1499692188329000000,i1709,4805,4805,516,4800,828,8,93420,GMT+8
ticks,1499692188900000000,i1709,4800,4805,511,4800,820,22,93442,GMT+8
ticks,1499692189401000000,i1709,4800,4805,510,4800,827,0,93442,GMT+8
ticks,1499692189905000000,i1709,4805,4805,507,4800,828,6,93448,GMT+8
ticks,1499692190397000000,i1709,4805,4805,499,4800,828,16,93464,GMT+8
ticks,1499692190900000000,i1709,4805,4805,496,4800,876,14,93478,GMT+8
ticks,1499692191367000000,i1709,4805,4805,497,4800,876,6,93484,GMT+8
ticks,1499692191903000000,i1709,4805,4805,477,4800,910,42,93526,GMT+8
ticks,1499692192825000000,i1709,4805,4805,494,4800,910,2,93528,GMT+8
ticks,1499692193288000000,i1709,4805,4805,492,4800,912,6,93534,GMT+8
ticks,1499692193805000000,i1709,4805,4805,486,4800,914,14,93548,GMT+8
ticks,1499692194388000000,i1709,4805,4805,412,4800,916,4,93552,GMT+8
ticks,1499692194763000000,i1709,4805,4805,411,4800,929,4,93556,GMT+8
ticks,1499692195292000000,i1709,4805,4805,406,4800,930,0,93556,GMT+8
ticks,1499692195901000000,i1709,4805,4805,378,4800,930,56,93612,GMT+8
ticks,1499692196347000000,i1709,4810,4810,1650,4805,589,754,94366,GMT+8
ticks,1499692196881000000,i1709,4810,4810,1633,4805,640,26,94392,GMT+8
ticks,1499692197408000000,i1709,4810,4810,1627,4805,832,28,94420,GMT+8
ticks,1499692197847000000,i1709,4810,4810,1623,4805,835,10,94430,GMT+8
ticks,1499692198290000000,i1709,4810,4810,1622,4805,978,2,94432,GMT+8
ticks,1499692198906000000,i1709,4810,4810,1623,4805,1022,2,94434,GMT+8
ticks,1499692199255000000,i1709,4810,4810,1622,4805,1022,0,94434,GMT+8
ticks,1499692199909000000,i1709,4805,4810,1617,4805,1020,16,94450,GMT+8
ticks,1499692200393000000,i1709,4810,4810,1617,4805,1038,2,94452,GMT+8
ticks,1499692200849000000,i1709,4810,4810,1607,4805,936,40,94492,GMT+8
ticks,1499692201392000000,i1709,4810,4810,1597,4805,942,20,94512,GMT+8
ticks,1499692201880000000,i1709,4805,4810,1584,4805,941,22,94534,GMT+8
ticks,1499692202901000000,i1709,4810,4810,1577,4805,941,2,94536,GMT+8
ticks,1499692203336000000,i1709,4810,4810,1581,4805,935,18,94554,GMT+8
ticks,1499692203868000000,i1709,4810,4810,1580,4805,942,18,94572,GMT+8
ticks,1499692204403000000,i1709,4810,4810,1580,4805,950,0,94572,GMT+8
ticks,1499692204876000000,i1709,4805,4810,1580,4805,949,2,94574,GMT+8
ticks,1499692205373000000,i1709,4805,4810,1584,4805,944,12,94586,GMT+8
ticks,1499692205885000000,i1709,4805,4810,1581,4805,921,14,94600,GMT+8
ticks,1499692206405000000,i1709,4805,4810,1584,4805,922,2,94602,GMT+8
ticks,1499692206909000000,i1709,4810,4810,1575,4805,924,18,94620,GMT+8
ticks,1499692207333000000,i1709,4810,4810,1575,4805,922,16,94636,GMT+8
ticks,1499692207893000000,i1709,4810,4810,1574,4805,922,16,94652,GMT+8
ticks,1499692208375000000,i1709,4805,4810,1475,4805,920,206,94858,GMT+8
ticks,1499692208834000000,i1709,4810,4810,1484,4805,920,12,94870,GMT+8
ticks,1499692209385000000,i1709,4810,4810,1486,4805,918,8,94878,GMT+8
ticks,1499692209870000000,i1709,4810,4810,1484,4805,920,4,94882,GMT+8
ticks,1499692210405000000,i1709,4810,4810,1465,4805,921,40,94922,GMT+8
ticks,1499692210859000000,i1709,4810,4810,1459,4805,925,18,94940,GMT+8
ticks,1499692211403000000,i1709,4810,4810,1459,4805,926,2,94942,GMT+8
ticks,1499692211871000000,i1709,4810,4810,1463,4805,935,16,94958,GMT+8
ticks,1499692212371000000,i1709,4810,4810,1455,4805,941,16,94974,GMT+8
ticks,1499692212821000000,i1709,4805,4810,1463,4805,957,10,94984,GMT+8
ticks,1499692213323000000,i1709,4810,4810,1442,4805,993,42,95026,GMT+8
ticks,1499692213857000000,i1709,4810,4810,1390,4805,994,108,95134,GMT+8
ticks,1499692214367000000,i1709,4810,4810,1386,4805,993,10,95144,GMT+8
ticks,1499692214837000000,i1709,4810,4810,1367,4805,1030,40,95184,GMT+8
ticks,1499692215361000000,i1709,4810,4810,1372,4805,1031,0,95184,GMT+8
ticks,1499692215907000000,i1709,4810,4810,1051,4805,1038,616,95800,GMT+8
ticks,1499692216409000000,i1709,4810,4810,1043,4805,1042,48,95848,GMT+8
ticks,1499692216873000000,i1709,4810,4810,821,4805,1041,426,96274,GMT+8
ticks,1499692217405000000,i1709,4810,4810,705,4805,1032,282,96556,GMT+8
ticks,1499692217906000000,i1709,4810,4810,661,4805,1034,66,96622,GMT+8
ticks,1499692218389000000,i1709,4810,4810,609,4805,1033,144,96766,GMT+8
ticks,1499692218889000000,i1709,4810,4810,623,4805,1033,8,96774,GMT+8
ticks,1499692219400000000,i1709,4810,4810,601,4805,1033,52,96826,GMT+8
ticks,1499692219845000000,i1709,4810,4810,600,4805,1036,4,96830,GMT+8
ticks,1499692220378000000,i1709,4810,4810,581,4805,1032,42,96872,GMT+8
ticks,1499692220889000000,i1709,4810,4810,567,4805,1034,42,96914,GMT+8
ticks,1499692221409000000,i1709,4810,4810,538,4805,1035,30,96944,GMT+8
ticks,1499692221867000000,i1709,4810,4810,537,4805,1035,10,96954,GMT+8
ticks,1499692222356000000,i1709,4810,4810,557,4805,1035,20,96974,GMT+8
ticks,1499692222910000000,i1709,4810,4810,551,4805,1047,14,96988,GMT+8
ticks,1499692223407000000,i1709,4810,4810,580,4805,1064,16,97004,GMT+8
ticks,1499692223879000000,i1709,4810,4810,578,4805,1064,4,97008,GMT+8
ticks,1499692224408000000,i1709,4810,4810,621,4805,1064,12,97020,GMT+8
ticks,1499692224907000000,i1709,4810,4810,617,4805,1027,10,97030,GMT+8
ticks,1499692225369000000,i1709,4810,4810,622,4805,1027,14,97044,GMT+8
ticks,1499692225829000000,i1709,4810,4810,616,4805,1017,14,97058,GMT+8
ticks,1499692226403000000,i1709,4810,4810,608,4805,1015,26,97084,GMT+8
ticks,1499692226900000000,i1709,4810,4810,566,4805,1016,90,97174,GMT+8
ticks,1499692227396000000,i1709,4810,4810,629,4805,1016,16,97190,GMT+8
ticks,1499692227843000000,i1709,4810,4810,628,4805,1018,2,97192,GMT+8
ticks,1499692228404000000,i1709,4810,4810,614,4805,1022,28,97220,GMT+8
ticks,1499692228861000000,i1709,4810,4810,616,4805,1021,0,97220,GMT+8
ticks,1499692229275000000,i1709,4810,4810,609,4805,1021,44,97264,GMT+8
ticks,1499692229894000000,i1709,4810,4810,601,4805,1018,20,97284,GMT+8
ticks,1499692230375000000,i1709,4810,4810,605,4805,1016,4,97288,GMT+8
ticks,1499692230892000000,i1709,4810,4810,588,4805,1008,28,97316,GMT+8
ticks,1499692231304000000,i1709,4810,4810,582,4805,1010,10,97326,GMT+8
ticks,1499692231872000000,i1709,4805,4810,574,4805,1018,20,97346,GMT+8
ticks,1499692232391000000,i1709,4810,4810,629,4805,1018,4,97350,GMT+8
ticks,1499692232805000000,i1709,4810,4810,625,4805,1018,10,97360,GMT+8
ticks,1499692233292000000,i1709,4810,4810,654,4805,1018,0,97360,GMT+8
ticks,1499692233910000000,i1709,4810,4810,651,4805,1018,16,97376,GMT+8
ticks,1499692234389000000,i1709,4810,4810,639,4805,1018,24,97400,GMT+8
ticks,1499692234907000000,i1709,4810,4810,684,4805,1009,12,97412,GMT+8
ticks,1499692235407000000,i1709,4810,4810,684,4805,1015,6,97418,GMT+8
ticks,1499692235757000000,i1709,4810,4810,685,4805,1015,2,97420,GMT+8
ticks,1499692236350000000,i1709,4810,4810,682,4805,1013,8,97428,GMT+8
ticks,1499692236904000000,i1709,4810,4810,675,4805,1014,16,97444,GMT+8
ticks,1499692237391000000,i1709,4810,4810,684,4805,1015,0,97444,GMT+8
ticks,1499692237883000000,i1709,4805,4810,685,4805,1016,2,97446,GMT+8
ticks,1499692238402000000,i1709,4810,4810,679,4805,1011,32,97478,GMT+8
ticks,1499692238750000000,i1709,4810,4810,679,4805,1012,0,97478,GMT+8
ticks,1499692239300000000,i1709,4810,4810,672,4805,1012,0,97478,GMT+8
ticks,1499692239831000000,i1709,4810,4810,675,4805,1652,2,97480,GMT+8
ticks,1499692240334000000,i1709,4810,4810,669,4805,1649,12,97492,GMT+8
ticks,1499692240881000000,i1709,4805,4810,688,4805,1648,8,97500,GMT+8
ticks,1499692241410000000,i1709,4805,4810,690,4805,1640,14,97514,GMT+8
ticks,1499692241903000000,i1709,4810,4810,707,4805,1638,14,97528,GMT+8
ticks,1499692242407000000,i1709,4810,4810,707,4805,1639,0,97528,GMT+8
ticks,1499692242878000000,i1709,4805,4810,749,4805,1088,1206,98734,GMT+8
ticks,1499692243364000000,i1709,4805,4810,754,4805,999,210,98944,GMT+8
ticks,1499692243853000000,i1709,4805,4805,762,4800,1105,542,99486,GMT+8
ticks,1499692244351000000,i1709,4805,4805,863,4800,1012,4,99490,GMT+8
ticks,1499692244889000000,i1709,4805,4805,867,4800,1012,0,99490,GMT+8
ticks,1499692245393000000,i1709,4805,4805,829,4800,1014,2,99492,GMT+8
ticks,1499692245904000000,i1709,4805,4805,824,4800,1012,14,99506,GMT+8
ticks,1499692246395000000,i1709,4805,4805,850,4800,1010,16,99522,GMT+8
ticks,1499692246826000000,i1709,4805,4805,848,4800,1007,4,99526,GMT+8
ticks,1499692247313000000,i1709,4805,4805,842,4800,1007,12,99538,GMT+8
ticks,1499692247883000000,i1709,4805,4805,831,4800,1005,20,99558,GMT+8
ticks,1499692248821000000,i1709,4805,4805,830,4800,1103,4,99562,GMT+8
ticks,1499692249366000000,i1709,4805,4805,825,4800,1102,10,99572,GMT+8
ticks,1499692249818000000,i1709,4805,4805,826,4800,1102,0,99572,GMT+8
ticks,1499692250400000000,i1709,4805,4805,819,4800,1104,2,99574,GMT+8
ticks,1499692250840000000,i1709,4805,4805,814,4800,1107,12,99586,GMT+8
ticks,1499692251282000000,i1709,4805,4805,839,4800,1107,2,99588,GMT+8
ticks,1499692251867000000,i1709,4800,4805,809,4800,1101,10,99598,GMT+8
ticks,1499692252399000000,i1709,4805,4805,796,4800,1087,40,99638,GMT+8
ticks,1499692252870000000,i1709,4805,4805,795,4800,1093,12,99650,GMT+8
ticks,1499692253876000000,i1709,4805,4805,745,4800,1091,100,99750,GMT+8
ticks,1499692254371000000,i1709,4805,4805,757,4800,1083,26,99776,GMT+8
ticks,1499692254854000000,i1709,4795,4800,508,4795,1232,2168,101944,GMT+8
ticks,1499692255384000000,i1709,4800,4800,649,4795,1160,2,101946,GMT+8
ticks,1499692255818000000,i1709,4800,4800,722,4795,1102,6,101952,GMT+8
ticks,1499692256237000000,i1709,4800,4800,717,4795,1101,20,101972,GMT+8
ticks,1499692256908000000,i1709,4800,4800,699,4795,1161,0,101972,GMT+8
ticks,1499692257360000000,i1709,4800,4800,810,4795,1161,0,101972,GMT+8
ticks,1499692257857000000,i1709,4800,4800,807,4795,1161,6,101978,GMT+8
ticks,1499692258389000000,i1709,4795,4800,812,4795,1158,2,101980,GMT+8
ticks,1499692258854000000,i1709,4800,4800,811,4795,1152,18,101998,GMT+8
ticks,1499692259341000000,i1709,4800,4800,791,4795,1151,42,102040,GMT+8
ticks,1499692259878000000,i1709,4795,4800,809,4795,1140,4,102044,GMT+8
ticks,1499692260385000000,i1709,4795,4800,802,4795,1136,0,102044,GMT+8
ticks,1499692260830000000,i1709,4795,4800,801,4795,1134,6,102050,GMT+8
ticks,1499692261327000000,i1709,4800,4800,800,4795,1131,6,102056,GMT+8
ticks,1499692261680000000,i1709,4795,4800,810,4795,1130,4,102060,GMT+8
ticks,1499692262271000000,i1709,4795,4800,818,4795,1130,0,102060,GMT+8
ticks,1499692262909000000,i1709,4800,4800,817,4795,1129,2,102062,GMT+8
ticks,1499692263355000000,i1709,4800,4800,827,4795,1133,0,102062,GMT+8
ticks,1499692263905000000,i1709,4800,4800,824,4795,1139,8,102070,GMT+8
ticks,1499692264315000000,i1709,4800,4800,824,4795,1141,0,102070,GMT+8
ticks,1499692264815000000,i1709,4795,4800,826,4795,1181,2,102072,GMT+8
ticks,1499692265389000000,i1709,4800,4800,811,4795,1215,2,102074,GMT+8
ticks,1499692265848000000,i1709,4795,4800,811,4795,1209,14,102088,GMT+8
ticks,1499692266374000000,i1709,4795,4800,817,4795,1209,0,102088,GMT+8
ticks,1499692266818000000,i1709,4795,4800,1757,4795,1077,8,102096,GMT+8
ticks,1499692267381000000,i1709,4800,4800,1757,4795,1076,10,102106,GMT+8
ticks,1499692267867000000,i1709,4800,4800,1779,4795,1086,0,102106,GMT+8
ticks,1499692268392000000,i1709,4800,4800,1745,4795,1087,0,102106,GMT+8
ticks,1499692268868000000,i1709,4800,4800,1750,4795,1087,0,102106,GMT+8
ticks,1499692269310000000,i1709,4800,4800,1752,4795,1119,4,102110,GMT+8
ticks,1499692269828000000,i1709,4795,4800,1751,4795,1118,4,102114,GMT+8
ticks,1499692270387000000,i1709,4800,4800,1750,4795,1119,2,102116,GMT+8
ticks,1499692270750000000,i1709,4795,4800,1752,4795,1117,4,102120,GMT+8
ticks,1499692271359000000,i1709,4795,4800,1750,4795,1115,4,102124,GMT+8
ticks,1499692271821000000,i1709,4800,4805,685,4800,651,3474,105598,GMT+8
ticks,1499692272389000000,i1709,4800,4805,571,4800,1720,58,105656,GMT+8
ticks,1499692272791000000,i1709,4800,4805,582,4800,1708,66,105722,GMT+8
ticks,1499692273325000000,i1709,4800,4805,585,4800,1728,0,105722,GMT+8
ticks,1499692273876000000,i1709,4800,4805,584,4800,1690,4,105726,GMT+8
ticks,1499692274396000000,i1709,4800,4805,584,4800,1689,2,105728,GMT+8
ticks,1499692274848000000,i1709,4805,4805,564,4800,1689,40,105768,GMT+8
ticks,1499692275409000000,i1709,4800,4805,680,4800,1669,52,105820,GMT+8
ticks,1499692275872000000,i1709,4800,4805,694,4800,1668,4,105824,GMT+8
ticks,1499692276350000000,i1709,4800,4805,688,4800,1666,2,105826,GMT+8
ticks,1499692276821000000,i1709,4805,4805,683,4800,1665,12,105838,GMT+8
ticks,1499692277396000000,i1709,4805,4805,684,4800,1665,0,105838,GMT+8
ticks,1499692277845000000,i1709,4800,4805,684,4800,1666,6,105844,GMT+8
ticks,1499692278406000000,i1709,4800,4805,694,4800,1669,0,105844,GMT+8
ticks,1499692278866000000,i1709,4800,4805,710,4800,1652,20,105864,GMT+8
ticks,1499692279396000000,i1709,4800,4805,719,4800,1600,114,105978,GMT+8
ticks,1499692279909000000,i1709,4800,4805,723,4800,1591,20,105998,GMT+8
ticks,1499692280344000000,i1709,4800,4805,724,4800,1590,2,106000,GMT+8
ticks,1499692280837000000,i1709,4805,4805,726,4800,1589,14,106014,GMT+8
ticks,1499692281351000000,i1709,4800,4805,724,4800,1585,12,106026,GMT+8
ticks,1499692281891000000,i1709,4805,4805,724,4800,1584,4,106030,GMT+8
ticks,1499692282363000000,i1709,4800,4805,721,4800,1562,4,106034,GMT+8
ticks,1499692282898000000,i1709,4805,4805,717,4800,1562,10,106044,GMT+8
ticks,1499692283357000000,i1709,4805,4805,650,4800,1561,106,106150,GMT+8
ticks,1499692283836000000,i1709,4800,4805,635,4800,1560,2,106152,GMT+8
ticks,1499692284345000000,i1709,4800,4805,633,4800,1561,2,106154,GMT+8
ticks,1499692284904000000,i1709,4800,4805,638,4800,1564,0,106154,GMT+8
ticks,1499692285399000000,i1709,4805,4805,636,4800,1562,18,106172,GMT+8
ticks,1499692285843000000,i1709,4800,4805,634,4800,1553,20,106192,GMT+8
ticks,1499692286298000000,i1709,4800,4805,636,4800,1555,6,106198,GMT+8
ticks,1499692286890000000,i1709,4805,4805,633,4800,1555,12,106210,GMT+8
ticks,1499692287395000000,i1709,4805,4805,627,4800,1556,22,106232,GMT+8
ticks,1499692287830000000,i1709,4805,4805,622,4800,1554,14,106246,GMT+8
ticks,1499692288316000000,i1709,4800,4805,648,4800,1562,2,106248,GMT+8
ticks,1499692288816000000,i1709,4805,4805,624,4800,1561,48,106296,GMT+8
ticks,1499692289305000000,i1709,4805,4805,623,4800,1562,2,106298,GMT+8
ticks,1499692289679000000,i1709,4800,4805,625,4800,1558,8,106306,GMT+8
ticks,1499692290380000000,i1709,4805,4805,620,4800,1573,10,106316,GMT+8
ticks,1499692290896000000,i1709,4800,4805,620,4800,1571,4,106320,GMT+8
ticks,1499692291259000000,i1709,4800,4805,621,4800,1572,0,106320,GMT+8
ticks,1499692291888000000,i1709,4805,4805,571,4800,1579,102,106422,GMT+8
ticks,1499692292340000000,i1709,4805,4805,566,4800,1579,10,106432,GMT+8
ticks,1499692292907000000,i1709,4805,4805,566,4800,1581,0,106432,GMT+8
ticks,1499692293371000000,i1709,4805,4805,567,4800,1581,0,106432,GMT+8
ticks,1499692293908000000,i1709,4805,4805,559,4800,1591,18,106450,GMT+8
ticks,1499692294406000000,i1709,4805,4805,550,4800,1593,0,106450,GMT+8
ticks,1499692294882000000,i1709,4805,4805,548,4800,1603,4,106454,GMT+8
ticks,1499692295396000000,i1709,4800,4805,624,4800,1102,1012,107466,GMT+8
ticks,1499692295859000000,i1709,4805,4805,737,4800,1116,4,107470,GMT+8
ticks,1499692296189000000,i1709,4805,4805,738,4800,1117,0,107470,GMT+8
ticks,1499692296867000000,i1709,4805,4805,730,4800,1116,12,107482,GMT+8
ticks,1499692297408000000,i1709,4800,4805,725,4800,1114,18,107500,GMT+8
ticks,1499692297892000000,i1709,4800,4805,724,4800,1114,4,107504,GMT+8
ticks,1499692298360000000,i1709,4800,4805,725,4800,478,1246,108750,GMT+8
ticks,1499692298859000000,i1709,4805,4805,721,4800,485,28,108778,GMT+8
ticks,1499692299411000000,i1709,4800,4800,289,4795,1505,970,109748,GMT+8
ticks,1499692299892000000,i1709,4795,4800,310,4795,1440,4,109752,GMT+8
ticks,1499692300367000000,i1709,4800,4800,349,4795,1381,14,109766,GMT+8
ticks,1499692300889000000,i1709,4800,4800,350,4795,1374,20,109786,GMT+8
ticks,1499692301318000000,i1709,4800,4805,783,4800,591,702,110488,GMT+8
ticks,1499692301906000000,i1709,4800,4805,698,4800,828,2,110490,GMT+8
ticks,1499692302303000000,i1709,4800,4805,718,4800,837,12,110502,GMT+8
ticks,1499692302752000000,i1709,4805,4805,711,4800,837,14,110516,GMT+8
ticks,1499692303367000000,i1709,4800,4805,711,4800,846,2,110518,GMT+8
ticks,1499692303911000000,i1709,4805,4805,1206,4800,844,16,110534,GMT+8
ticks,1499692304389000000,i1709,4805,4805,1205,4800,905,0,110534,GMT+8
ticks,1499692304843000000,i1709,4800,4805,1205,4800,904,4,110538,GMT+8
ticks,1499692305385000000,i1709,4800,4805,1207,4800,904,0,110538,GMT+8
ticks,1499692305774000000,i1709,4805,4805,1202,4800,903,12,110550,GMT+8
ticks,1499692306377000000,i1709,4800,4805,1203,4800,902,2,110552,GMT+8
ticks,1499692306887000000,i1709,4800,4805,1204,4800,901,4,110556,GMT+8
ticks,1499692307310000000,i1709,4800,4805,1203,4800,895,12,110568,GMT+8
ticks,1499692307754000000,i1709,4805,4805,1199,4800,895,10,110578,GMT+8
ticks,1499692308296000000,i1709,4805,4805,1194,4800,897,0,110578,GMT+8
ticks,1499692308830000000,i1709,4805,4805,1240,4800,793,290,110868,GMT+8
ticks,1499692309397000000,i1709,4805,4805,1236,4800,813,14,110882,GMT+8
ticks,1499692309824000000,i1709,4800,4805,1236,4800,814,2,110884,GMT+8
ticks,1499692310300000000,i1709,4800,4805,1285,4800,816,0,110884,GMT+8
ticks,1499692310813000000,i1709,4800,4805,1285,4800,816,2,110886,GMT+8
ticks,1499692311393000000,i1709,4805,4805,1276,4800,816,22,110908,GMT+8
ticks,1499692311848000000,i1709,4800,4805,1276,4800,816,2,110910,GMT+8
ticks,1499692312327000000,i1709,4800,4805,1276,4800,817,4,110914,GMT+8
ticks,1499692312884000000,i1709,4800,4805,1277,4800,815,4,110918,GMT+8
ticks,1499692313411000000,i1709,4800,4805,1275,4800,844,12,110930,GMT+8
ticks,1499692313901000000,i1709,4800,4805,1277,4800,845,0,110930,GMT+8
ticks,1499692314407000000,i1709,4800,4805,1291,4800,845,0,110930,GMT+8
ticks,1499692314900000000,i1709,4800,4805,1286,4800,844,14,110944,GMT+8
ticks,1499692315367000000,i1709,4800,4805,1286,4800,868,0,110944,GMT+8
ticks,1499692315734000000,i1709,4805,4805,1282,4800,867,12,110956,GMT+8
ticks,1499692316408000000,i1709,4800,4805,1294,4800,873,4,110960,GMT+8
ticks,1499692316810000000,i1709,4805,4805,1290,4800,873,10,110970,GMT+8
ticks,1499692317343000000,i1709,4800,4805,1290,4800,868,12,110982,GMT+8
ticks,1499692317882000000,i1709,4800,4805,1290,4800,871,0,110982,GMT+8
ticks,1499692318395000000,i1709,4805,4805,1285,4800,893,10,110992,GMT+8
ticks,1499692318864000000,i1709,4805,4805,1285,4800,895,0,110992,GMT+8
ticks,1499692319385000000,i1709,4800,4805,1301,4800,896,2,110994,GMT+8
