name,time,symbol,last,ask_price,ask_size,bid_price,bid_size,volume,total_volume,timezone
ticks,1499778000000000000,i1709,4890,4890,65,4885,372,2076,2076,GMT+8
ticks,1499778000382000000,i1709,4890,4890,23,4885,279,2980,5056,GMT+8
ticks,1499778000872000000,i1709,4885,4890,267,4885,124,650,5706,GMT+8
ticks,1499778001380000000,i1709,4885,4890,426,4885,43,350,6056,GMT+8
ticks,1499778001867000000,i1709,4890,4895,294,4890,461,2012,8068,GMT+8
ticks,1499778002374000000,i1709,4890,4895,473,4890,257,432,8500,GMT+8
ticks,1499778002874000000,i1709,4890,4895,505,4890,335,268,8768,GMT+8
ticks,1499778003379000000,i1709,4890,4895,492,4890,302,104,8872,GMT+8
ticks,1499778003876000000,i1709,4890,4895,347,4890,117,710,9582,GMT+8
ticks,1499778004379000000,i1709,4890,4890,103,4885,949,268,9850,GMT+8
ticks,1499778004875000000,i1709,4885,4890,376,4885,997,180,10030,GMT+8
ticks,1499778005375000000,i1709,4885,4890,373,4885,998,196,10226,GMT+8
ticks,1499778005873000000,i1709,4890,4890,328,4885,979,218,10444,GMT+8
ticks,1499778006378000000,i1709,4885,4890,282,4885,946,152,10596,GMT+8
ticks,1499778006855000000,i1709,4890,4890,246,4885,894,228,10824,GMT+8
ticks,1499778007339000000,i1709,4885,4890,254,4885,885,22,10846,GMT+8
ticks,1499778007866000000,i1709,4890,4890,249,4885,885,10,10856,GMT+8
ticks,1499778008367000000,i1709,4885,4890,243,4885,776,250,11106,GMT+8
ticks,1499778008881000000,i1709,4885,4890,249,4885,769,70,11176,GMT+8
ticks,1499778009337000000,i1709,4885,4890,386,4885,614,358,11534,GMT+8
ticks,1499778009870000000,i1709,4890,4890,262,4885,459,288,11822,GMT+8
ticks,1499778010366000000,i1709,4890,4890,263,4885,267,572,12394,GMT+8
ticks,1499778010875000000,i1709,4885,4890,300,4885,345,36,12430,GMT+8
ticks,1499778011381000000,i1709,4890,4890,551,4885,466,60,12490,GMT+8
ticks,1499778011869000000,i1709,4885,4890,673,4885,477,26,12516,GMT+8
ticks,1499778012304000000,i1709,4885,4890,657,4885,476,64,12580,GMT+8
ticks,1499778012877000000,i1709,4885,4890,513,4885,491,56,12636,GMT+8
ticks,1499778013379000000,i1709,4885,4890,425,4885,575,36,12672,GMT+8
ticks,1499778013821000000,i1709,4890,4890,395,4885,632,86,12758,GMT+8
ticks,1499778014377000000,i1709,4890,4895,937,4890,262,894,13652,GMT+8
ticks,1499778014876000000,i1709,4890,4895,1035,4890,465,22,13674,GMT+8
ticks,1499778015376000000,i1709,4890,4895,1018,4890,680,78,13752,GMT+8
ticks,1499778015851000000,i1709,4890,4895,1018,4890,782,50,13802,GMT+8
ticks,1499778016352000000,i1709,4890,4895,1018,4890,768,28,13830,GMT+8
ticks,1499778016868000000,i1709,4890,4895,985,4890,758,262,14092,GMT+8
ticks,1499778017302000000,i1709,4895,4895,980,4890,972,14,14106,GMT+8
ticks,1499778017874000000,i1709,4890,4895,907,4890,967,160,14266,GMT+8
ticks,1499778018371000000,i1709,4890,4895,836,4890,689,610,14876,GMT+8
ticks,1499778018815000000,i1709,4890,4895,813,4890,702,32,14908,GMT+8
ticks,1499778019378000000,i1709,4895,4895,793,4890,699,14,14922,GMT+8
ticks,1499778019833000000,i1709,4895,4895,941,4890,711,12,14934,GMT+8
ticks,1499778020347000000,i1709,4895,4895,951,4890,732,12,14946,GMT+8
ticks,1499778020874000000,i1709,4890,4895,1018,4890,628,208,15154,GMT+8
ticks,1499778021365000000,i1709,4890,4895,1021,4890,621,22,15176,GMT+8
ticks,1499778021882000000,i1709,4890,4895,1030,4890,607,30,15206,GMT+8
ticks,1499778022353000000,i1709,4895,4895,1015,4890,642,86,15292,GMT+8
ticks,1499778022880000000,i1709,4890,4895,997,4890,641,42,15334,GMT+8
ticks,1499778023359000000,i1709,4890,4895,1001,4890,758,22,15356,GMT+8
ticks,1499778023877000000,i1709,4895,4895,1000,4890,764,4,15360,GMT+8
ticks,1499778024378000000,i1709,4890,4895,1008,4890,769,36,15396,GMT+8
ticks,1499778024881000000,i1709,4895,4895,975,4890,750,108,15504,GMT+8
ticks,1499778025325000000,i1709,4890,4895,965,4890,732,56,15560,GMT+8
ticks,1499778025871000000,i1709,4890,4895,965,4890,726,14,15574,GMT+8
ticks,1499778026326000000,i1709,4895,4895,967,4890,728,42,15616,GMT+8
ticks,1499778026877000000,i1709,4895,4895,955,4890,728,80,15696,GMT+8
ticks,1499778027355000000,i1709,4895,4895,959,4890,635,196,15892,GMT+8
ticks,1499778027873000000,i1709,4895,4895,945,4890,669,34,15926,GMT+8
ticks,1499778028362000000,i1709,4895,4895,942,4890,767,8,15934,GMT+8
ticks,1499778028875000000,i1709,4890,4895,859,4890,766,188,16122,GMT+8
ticks,1499778029377000000,i1709,4895,4895,848,4890,768,32,16154,GMT+8
ticks,1499778029842000000,i1709,4895,4895,676,4890,830,92,16246,GMT+8
ticks,1499778030372000000,i1709,4895,4895,700,4890,821,46,16292,GMT+8
ticks,1499778030879000000,i1709,4895,4895,654,4890,772,214,16506,GMT+8
ticks,1499778031325000000,i1709,4895,4895,646,4890,793,20,16526,GMT+8
ticks,1499778031882000000,i1709,4895,4895,618,4890,860,54,16580,GMT+8
ticks,1499778032377000000,i1709,4895,4895,618,4890,868,10,16590,GMT+8
ticks,1499778032845000000,i1709,4895,4895,603,4890,870,34,16624,GMT+8
ticks,1499778033332000000,i1709,4890,4895,588,4890,971,36,16660,GMT+8
ticks,1499778033857000000,i1709,4895,4895,397,4890,980,386,17046,GMT+8
ticks,1499778034359000000,i1709,4895,4895,330,4890,985,48,17094,GMT+8
ticks,1499778034864000000,i1709,4895,4895,93,4890,1046,932,18026,GMT+8
ticks,1499778035369000000,i1709,4895,4895,258,4890,1047,588,18614,GMT+8
ticks,1499778035874000000,i1709,4895,4895,222,4890,1045,154,18768,GMT+8
ticks,1499778036375000000,i1709,4895,4895,604,4890,1015,92,18860,GMT+8
ticks,1499778036882000000,i1709,4895,4895,585,4890,1027,270,19130,GMT+8
ticks,1499778037362000000,i1709,4895,4895,592,4890,1046,34,19164,GMT+8
ticks,1499778037861000000,i1709,4895,4895,717,4890,1057,138,19302,GMT+8
ticks,1499778038371000000,i1709,4895,4895,732,4890,1073,32,19334,GMT+8
ticks,1499778038875000000,i1709,4895,4895,783,4890,1083,10,19344,GMT+8
ticks,1499778039359000000,i1709,4890,4895,792,4890,994,276,19620,GMT+8
ticks,1499778039872000000,i1709,4895,4895,804,4890,1025,2,19622,GMT+8
ticks,1499778040371000000,i1709,4895,4895,788,4890,1025,36,19658,GMT+8
ticks,1499778040880000000,i1709,4895,4895,706,4890,1042,224,19882,GMT+8
ticks,1499778041359000000,i1709,4895,4895,702,4890,1042,16,19898,GMT+8
ticks,1499778041865000000,i1709,4895,4895,703,4890,1032,40,19938,GMT+8
ticks,1499778042380000000,i1709,4895,4895,665,4890,1018,114,20052,GMT+8
ticks,1499778042854000000,i1709,4895,4895,663,4890,1021,4,20056,GMT+8
ticks,1499778043345000000,i1709,4895,4895,663,4890,1022,4,20060,GMT+8
ticks,1499778043874000000,i1709,4890,4895,661,4890,1038,10,20070,GMT+8
ticks,1499778044381000000,i1709,4895,4895,654,4890,1043,36,20106,GMT+8
ticks,1499778044867000000,i1709,4895,4895,613,4890,997,88,20194,GMT+8
ticks,1499778045375000000,i1709,4895,4895,566,4890,992,86,20280,GMT+8
ticks,1499778045882000000,i1709,4890,4895,700,4890,1002,170,20450,GMT+8
ticks,1499778046345000000,i1709,4895,4895,603,4890,1033,152,20602,GMT+8
ticks,1499778046868000000,i1709,4895,4895,593,4890,1034,32,20634,GMT+8
ticks,1499778047339000000,i1709,4895,4895,591,4890,1037,6,20640,GMT+8
ticks,1499778047841000000,i1709,4895,4895,557,4890,1245,84,20724,GMT+8
ticks,1499778048366000000,i1709,4895,4895,603,4890,1280,60,20784,GMT+8
ticks,1499778048872000000,i1709,4895,4895,642,4890,1283,26,20810,GMT+8
ticks,1499778049368000000,i1709,4895,4895,653,4890,1285,8,20818,GMT+8
ticks,1499778049842000000,i1709,4895,4895,643,4890,1285,2,20820,GMT+8
ticks,1499778050369000000,i1709,4895,4895,631,4890,1284,32,20852,GMT+8
ticks,1499778050861000000,i1709,4895,4895,417,4890,1267,466,21318,GMT+8
ticks,1499778051353000000,i1709,4895,4895,487,4890,1253,70,21388,GMT+8
ticks,1499778051866000000,i1709,4895,4895,486,4890,1233,52,21440,GMT+8
ticks,1499778052355000000,i1709,4890,4895,471,4890,1218,64,21504,GMT+8
ticks,1499778052875000000,i1709,4895,4895,464,4890,1258,34,21538,GMT+8
ticks,1499778053351000000,i1709,4895,4895,453,4890,1257,26,21564,GMT+8
ticks,1499778053854000000,i1709,4895,4895,490,4890,1256,34,21598,GMT+8
ticks,1499778054358000000,i1709,4895,4895,493,4890,1247,46,21644,GMT+8
ticks,1499778054863000000,i1709,4895,4895,464,4890,1249,58,21702,GMT+8
ticks,1499778055329000000,i1709,4895,4895,460,4890,1244,32,21734,GMT+8
ticks,1499778055833000000,i1709,4895,4895,480,4890,1245,24,21758,GMT+8
ticks,1499778056269000000,i1709,4890,4895,481,4890,1233,22,21780,GMT+8
ticks,1499778056855000000,i1709,4895,4895,471,4890,1233,40,21820,GMT+8
ticks,1499778057370000000,i1709,4895,4895,459,4890,1232,32,21852,GMT+8
ticks,1499778057860000000,i1709,4890,4895,462,4890,1228,50,21902,GMT+8
ticks,1499778058376000000,i1709,4895,4895,431,4890,1228,80,21982,GMT+8
ticks,1499778058882000000,i1709,4895,4895,600,4890,1230,6,21988,GMT+8
ticks,1499778059357000000,i1709,4895,4895,812,4890,1234,32,22020,GMT+8
ticks,1499778059828000000,i1709,4890,4895,1049,4890,1149,216,22236,GMT+8
ticks,1499778060379000000,i1709,4895,4895,1095,4890,1142,44,22280,GMT+8
ticks,1499778060876000000,i1709,4890,4895,1101,4890,978,340,22620,GMT+8
ticks,1499778061371000000,i1709,4890,4890,101,4885,1260,1974,24594,GMT+8
ticks,1499778061869000000,i1709,4890,4890,588,4885,1253,48,24642,GMT+8
ticks,1499778062306000000,i1709,4890,4890,1235,4885,1240,2,24644,GMT+8
ticks,1499778062847000000,i1709,4890,4890,1330,4885,1237,18,24662,GMT+8
ticks,1499778063341000000,i1709,4890,4890,1274,4885,1235,116,24778,GMT+8
ticks,1499778063875000000,i1709,4885,4890,1291,4885,676,1122,25900,GMT+8
ticks,1499778064348000000,i1709,4890,4890,1201,4885,673,40,25940,GMT+8
ticks,1499778064879000000,i1709,4890,4890,1232,4885,523,318,26258,GMT+8
ticks,1499778065376000000,i1709,4885,4890,1227,4885,510,36,26294,GMT+8
ticks,1499778065879000000,i1709,4885,4885,114,4880,2268,1022,27316,GMT+8
ticks,1499778066348000000,i1709,4885,4885,129,4880,2082,384,27700,GMT+8
ticks,1499778066865000000,i1709,4880,4885,694,4880,2099,28,27728,GMT+8
ticks,1499778067371000000,i1709,4880,4885,789,4880,2051,136,27864,GMT+8
ticks,1499778067857000000,i1709,4885,4885,787,4880,2034,22,27886,GMT+8
ticks,1499778068379000000,i1709,4885,4885,790,4880,2012,50,27936,GMT+8
ticks,1499778068873000000,i1709,4880,4885,791,4880,2007,26,27962,GMT+8
ticks,1499778069337000000,i1709,4885,4885,786,4880,1904,226,28188,GMT+8
ticks,1499778069879000000,i1709,4885,4885,695,4880,1932,220,28408,GMT+8
ticks,1499778070370000000,i1709,4885,4885,682,4880,1921,54,28462,GMT+8
ticks,1499778070872000000,i1709,4880,4885,691,4880,1910,28,28490,GMT+8
ticks,1499778071367000000,i1709,4880,4885,688,4880,1893,36,28526,GMT+8
ticks,1499778071809000000,i1709,4880,4885,684,4880,1893,26,28552,GMT+8
ticks,1499778072330000000,i1709,4880,4885,592,4880,1841,290,28842,GMT+8
ticks,1499778072808000000,i1709,4880,4885,806,4880,1320,1080,29922,GMT+8
ticks,1499778073376000000,i1709,4880,4885,805,4880,1314,18,29940,GMT+8
ticks,1499778073881000000,i1709,4880,4885,825,4880,1215,210,30150,GMT+8
ticks,1499778074364000000,i1709,4880,4885,838,4880,1222,10,30160,GMT+8
ticks,1499778074876000000,i1709,4880,4885,839,4880,1213,24,30184,GMT+8
ticks,1499778075338000000,i1709,4885,4885,837,4880,1207,22,30206,GMT+8
ticks,1499778075869000000,i1709,4885,4890,1128,4885,96,1694,31900,GMT+8
ticks,1499778076373000000,i1709,4885,4890,1088,4885,163,190,32090,GMT+8
ticks,1499778076873000000,i1709,4885,4890,1118,4885,201,218,32308,GMT+8
ticks,1499778077371000000,i1709,4890,4890,1117,4885,224,122,32430,GMT+8
ticks,1499778077849000000,i1709,4885,4890,1109,4885,221,16,32446,GMT+8
ticks,1499778078333000000,i1709,4885,4890,1110,4885,533,20,32466,GMT+8
ticks,1499778078866000000,i1709,4885,4890,1071,4885,499,86,32552,GMT+8
ticks,1499778079374000000,i1709,4890,4890,1070,4885,413,204,32756,GMT+8
ticks,1499778079834000000,i1709,4885,4890,1072,4885,437,32,32788,GMT+8
ticks,1499778080327000000,i1709,4885,4890,1074,4885,342,206,32994,GMT+8
ticks,1499778080830000000,i1709,4890,4890,1085,4885,343,16,33010,GMT+8
ticks,1499778081340000000,i1709,4880,4885,51,4880,1250,970,33980,GMT+8
ticks,1499778081874000000,i1709,4885,4885,125,4880,1247,16,33996,GMT+8
ticks,1499778082362000000,i1709,4885,4885,312,4880,1281,14,34010,GMT+8
ticks,1499778082860000000,i1709,4885,4885,352,4880,1271,18,34028,GMT+8
ticks,1499778083355000000,i1709,4885,4885,377,4880,1275,6,34034,GMT+8
ticks,1499778083847000000,i1709,4885,4885,407,4880,1279,10,34044,GMT+8
ticks,1499778084377000000,i1709,4885,4885,348,4880,1256,274,34318,GMT+8
ticks,1499778084866000000,i1709,4880,4885,339,4880,1260,46,34364,GMT+8
ticks,1499778085369000000,i1709,4885,4885,319,4880,1255,14,34378,GMT+8
ticks,1499778085857000000,i1709,4880,4885,420,4880,1246,146,34524,GMT+8
ticks,1499778086370000000,i1709,4885,4885,414,4880,1251,28,34552,GMT+8
ticks,1499778086866000000,i1709,4885,4885,390,4880,1446,60,34612,GMT+8
ticks,1499778087363000000,i1709,4885,4885,380,4880,1744,500,35112,GMT+8
ticks,1499778087851000000,i1709,4885,4890,1238,4885,312,770,35882,GMT+8
ticks,1499778088371000000,i1709,4885,4890,1208,4885,408,194,36076,GMT+8
ticks,1499778088818000000,i1709,4885,4890,1208,4885,411,80,36156,GMT+8
ticks,1499778089342000000,i1709,4885,4890,1208,4885,411,18,36174,GMT+8
ticks,1499778089864000000,i1709,4885,4890,1175,4885,429,0,36174,GMT+8
ticks,1499778090336000000,i1709,4885,4890,1179,4885,491,12,36186,GMT+8
ticks,1499778090874000000,i1709,4885,4890,1579,4885,601,8,36194,GMT+8
ticks,1499778091354000000,i1709,4885,4890,1588,4885,574,62,36256,GMT+8
ticks,1499778091826000000,i1709,4890,4890,1555,4885,629,4,36260,GMT+8
ticks,1499778092365000000,i1709,4885,4890,1556,4885,625,14,36274,GMT+8
ticks,1499778092841000000,i1709,4885,4890,1553,4885,611,38,36312,GMT+8
ticks,1499778093378000000,i1709,4885,4890,1556,4885,647,10,36322,GMT+8
ticks,1499778093853000000,i1709,4885,4890,1619,4885,744,14,36336,GMT+8
ticks,1499778094285000000,i1709,4885,4890,1612,4885,737,34,36370,GMT+8
ticks,1499778094868000000,i1709,4890,4890,1609,4885,738,18,36388,GMT+8
ticks,1499778095328000000,i1709,4885,4890,1617,4885,737,10,36398,GMT+8
ticks,1499778095845000000,i1709,4885,4890,1612,4885,750,6,36404,GMT+8
ticks,1499778096365000000,i1709,4890,4890,1607,4885,751,12,36416,GMT+8
ticks,1499778096847000000,i1709,4885,4890,1617,4885,735,34,36450,GMT+8
ticks,1499778097369000000,i1709,4890,4890,1623,4885,732,10,36460,GMT+8
ticks,1499778097851000000,i1709,4890,4890,1615,4885,728,14,36474,GMT+8
ticks,1499778098364000000,i1709,4890,4890,1614,4885,593,376,36850,GMT+8
ticks,1499778098876000000,i1709,4885,4890,1612,4885,676,46,36896,GMT+8
ticks,1499778099364000000,i1709,4885,4890,1613,4885,754,64,36960,GMT+8
ticks,1499778099861000000,i1709,4885,4890,1603,4885,744,42,37002,GMT+8
ticks,1499778100374000000,i1709,4890,4890,1651,4885,748,2,37004,GMT+8
ticks,1499778100808000000,i1709,4890,4890,1649,4885,727,48,37052,GMT+8
ticks,1499778101258000000,i1709,4890,4890,1646,4885,727,8,37060,GMT+8
ticks,1499778101860000000,i1709,4890,4890,1648,4885,727,0,37060,GMT+8
ticks,1499778102374000000,i1709,4885,4890,1660,4885,726,4,37064,GMT+8
ticks,1499778102769000000,i1709,4885,4890,1658,4885,724,10,37074,GMT+8
ticks,1499778103378000000,i1709,4890,4890,1654,4885,732,6,37080,GMT+8
ticks,1499778103870000000,i1709,4890,4890,1651,4885,741,6,37086,GMT+8
ticks,1499778104371000000,i1709,4890,4890,1655,4885,822,2,37088,GMT+8
ticks,1499778104873000000,i1709,4890,4890,1650,4885,832,6,37094,GMT+8
ticks,1499778105373000000,i1709,4885,4890,2062,4885,839,8,37102,GMT+8
ticks,1499778105869000000,i1709,4885,4890,2062,4885,841,10,37112,GMT+8
ticks,1499778106284000000,i1709,4885,4890,2061,4885,836,24,37136,GMT+8
ticks,1499778106876000000,i1709,4885,4890,2064,4885,858,6,37142,GMT+8
ticks,1499778107323000000,i1709,4890,4890,2043,4885,858,44,37186,GMT+8
ticks,1499778107741000000,i1709,4885,4890,2043,4885,827,58,37244,GMT+8
ticks,1499778108364000000,i1709,4890,4890,2050,4885,825,10,37254,GMT+8
ticks,1499778108860000000,i1709,4890,4890,2049,4885,818,26,37280,GMT+8
ticks,1499778109369000000,i1709,4885,4890,2045,4885,818,8,37288,GMT+8
ticks,1499778109802000000,i1709,4890,4890,2044,4885,901,6,37294,GMT+8
ticks,1499778110355000000,i1709,4890,4890,2035,4885,893,34,37328,GMT+8
ticks,1499778110859000000,i1709,4890,4890,2028,4885,883,40,37368,GMT+8
ticks,1499778111343000000,i1709,4890,4890,2032,4885,879,36,37404,GMT+8
ticks,1499778111849000000,i1709,4890,4890,2026,4885,878,6,37410,GMT+8
ticks,1499778112329000000,i1709,4890,4890,2022,4885,876,12,37422,GMT+8
ticks,1499778112840000000,i1709,4890,4890,2018,4885,887,4,37426,GMT+8
ticks,1499778113357000000,i1709,4890,4890,2017,4885,898,2,37428,GMT+8
ticks,1499778113822000000,i1709,4890,4890,2015,4885,496,822,38250,GMT+8
ticks,1499778114377000000,i1709,4885,4890,1914,4885,518,14,38264,GMT+8
ticks,1499778114877000000,i1709,4885,4890,1907,4885,533,22,38286,GMT+8
ticks,1499778115302000000,i1709,4890,4890,1887,4885,544,42,38328,GMT+8
ticks,1499778115876000000,i1709,4890,4890,1886,4885,552,8,38336,GMT+8
ticks,1499778116344000000,i1709,4890,4890,1874,4885,512,120,38456,GMT+8
ticks,1499778116880000000,i1709,4885,4890,1874,4885,512,6,38462,GMT+8
ticks,1499778117339000000,i1709,4885,4890,1868,4885,513,2,38464,GMT+8
ticks,1499778117880000000,i1709,4885,4890,1878,4885,512,16,38480,GMT+8
ticks,1499778118363000000,i1709,4890,4890,1727,4885,617,306,38786,GMT+8
ticks,1499778118828000000,i1709,4890,4890,1713,4885,621,38,38824,GMT+8
ticks,1499778119266000000,i1709,4885,4890,1716,4885,649,12,38836,GMT+8
ticks,1499778119872000000,i1709,4885,4890,1716,4885,649,8,38844,GMT+8
ticks,1499778120346000000,i1709,4890,4890,2010,4885,650,12,38856,GMT+8
ticks,1499778120842000000,i1709,4885,4890,2006,4885,696,16,38872,GMT+8
ticks,1499778121377000000,i1709,4885,4890,2005,4885,742,14,38886,GMT+8
ticks,1499778121849000000,i1709,4885,4890,2002,4885,741,6,38892,GMT+8
ticks,1499778122368000000,i1709,4890,4890,1989,4885,765,38,38930,GMT+8
ticks,1499778122872000000,i1709,4885,4890,1988,4885,765,8,38938,GMT+8
ticks,1499778123302000000,i1709,4890,4890,1975,4885,768,28,38966,GMT+8
ticks,1499778123850000000,i1709,4885,4890,1983,4885,665,8,38974,GMT+8
ticks,1499778124377000000,i1709,4890,4890,1955,4885,668,60,39034,GMT+8
ticks,1499778124870000000,i1709,4885,4885,484,4880,2047,1382,40416,GMT+8
ticks,1499778125317000000,i1709,4885,4885,511,4880,2063,76,40492,GMT+8
ticks,1499778125870000000,i1709,4885,4885,603,4880,2066,26,40518,GMT+8
ticks,1499778126366000000,i1709,4880,4885,572,4880,1764,72,40590,GMT+8
ticks,1499778126863000000,i1709,4885,4885,563,4880,1766,26,40616,GMT+8
ticks,1499778127376000000,i1709,4885,4885,676,4880,1769,10,40626,GMT+8
ticks,1499778127870000000,i1709,4880,4885,666,4880,1764,52,40678,GMT+8
ticks,1499778128349000000,i1709,4885,4885,677,4880,1763,16,40694,GMT+8
ticks,1499778128858000000,i1709,4885,4885,668,4880,1775,18,40712,GMT+8
ticks,1499778129358000000,i1709,4885,4885,660,4880,1779,18,40730,GMT+8
ticks,1499778129883000000,i1709,4880,4885,686,4880,1777,40,40770,GMT+8
ticks,1499778130381000000,i1709,4880,4885,698,4880,1776,6,40776,GMT+8
ticks,1499778130841000000,i1709,4885,4885,643,4880,1786,128,40904,GMT+8
ticks,1499778131277000000,i1709,4880,4885,650,4880,1785,18,40922,GMT+8
ticks,1499778131878000000,i1709,4885,4885,649,4880,1785,12,40934,GMT+8
ticks,1499778132377000000,i1709,4885,4885,638,4880,1765,46,40980,GMT+8
ticks,1499778132874000000,i1709,4880,4885,837,4880,1661,10,40990,GMT+8
ticks,1499778133377000000,i1709,4885,4885,829,4880,1661,18,41008,GMT+8
ticks,1499778133880000000,i1709,4880,4885,828,4880,1655,6,41014,GMT+8
ticks,1499778134374000000,i1709,4880,4885,734,4880,1653,204,41218,GMT+8
ticks,1499778134861000000,i1709,4880,4885,749,4880,1644,22,41240,GMT+8
ticks,1499778135374000000,i1709,4880,4885,546,4880,1686,456,41696,GMT+8
ticks,1499778135862000000,i1709,4885,4885,565,4880,1677,8,41704,GMT+8
ticks,1499778136379000000,i1709,4880,4885,567,4880,1611,132,41836,GMT+8
ticks,1499778136844000000,i1709,4880,4885,598,4880,1606,16,41852,GMT+8
ticks,1499778137378000000,i1709,4885,4885,597,4880,1586,8,41860,GMT+8
ticks,1499778137868000000,i1709,4880,4885,600,4880,1592,6,41866,GMT+8
ticks,1499778138375000000,i1709,4885,4885,600,4880,1572,32,41898,GMT+8
ticks,1499778138883000000,i1709,4885,4885,665,4880,1558,20,41918,GMT+8
ticks,1499778139341000000,i1709,4880,4885,666,4880,1558,2,41920,GMT+8
ticks,1499778139876000000,i1709,4880,4885,669,4880,1556,24,41944,GMT+8
ticks,1499778140235000000,i1709,4880,4885,664,4880,1544,32,41976,GMT+8
ticks,1499778140853000000,i1709,4880,4885,666,4880,1588,10,41986,GMT+8
ticks,1499778141348000000,i1709,4885,4885,681,4880,1581,14,42000,GMT+8
ticks,1499778141829000000,i1709,4885,4885,631,4880,1578,112,42112,GMT+8
ticks,1499778142355000000,i1709,4880,4885,646,4880,1577,2,42114,GMT+8
ticks,1499778142870000000,i1709,4885,4885,616,4880,1575,70,42184,GMT+8
ticks,1499778143370000000,i1709,4885,4885,610,4880,1569,36,42220,GMT+8
ticks,1499778143863000000,i1709,4885,4885,607,4880,1572,8,42228,GMT+8
ticks,1499778144379000000,i1709,4880,4885,595,4880,1521,26,42254,GMT+8
ticks,1499778144826000000,i1709,4880,4885,609,4880,1505,48,42302,GMT+8
ticks,1499778145371000000,i1709,4885,4885,551,4880,1489,222,42524,GMT+8
ticks,1499778145864000000,i1709,4885,4885,460,4880,1486,206,42730,GMT+8
ticks,1499778146350000000,i1709,4885,4890,1984,4885,866,884,43614,GMT+8
ticks,1499778146871000000,i1709,4890,4890,1981,4885,1132,46,43660,GMT+8
ticks,1499778147351000000,i1709,4885,4890,1975,4885,1307,8,43668,GMT+8
ticks,1499778147881000000,i1709,4885,4890,1974,4885,1265,90,43758,GMT+8
ticks,1499778148373000000,i1709,4885,4890,1975,4885,1267,4,43762,GMT+8
ticks,1499778148876000000,i1709,4885,4890,1928,4885,1273,6,43768,GMT+8
ticks,1499778149199000000,i1709,4885,4890,1926,4885,1267,16,43784,GMT+8
ticks,1499778149872000000,i1709,4885,4890,1919,4885,1265,24,43808,GMT+8
ticks,1499778150377000000,i1709,4885,4890,1948,4885,802,2,43810,GMT+8
ticks,1499778150871000000,i1709,4885,4890,1945,4885,661,14,43824,GMT+8
ticks,1499778151323000000,i1709,4890,4890,1944,4885,668,4,43828,GMT+8
ticks,1499778151844000000,i1709,4890,4890,1921,4885,650,48,43876,GMT+8
ticks,1499778152312000000,i1709,4885,4890,1925,4885,653,6,43882,GMT+8
ticks,1499778152851000000,i1709,4885,4890,1968,4885,656,10,43892,GMT+8
ticks,1499778153381000000,i1709,4890,4890,1968,4885,666,8,43900,GMT+8
ticks,1499778153839000000,i1709,4890,4890,1931,4885,668,74,43974,GMT+8
ticks,1499778154355000000,i1709,4885,4890,1930,4885,668,6,43980,GMT+8
ticks,1499778154849000000,i1709,4885,4890,1333,4885,765,1208,45188,GMT+8
ticks,1499778155371000000,i1709,4885,4890,1239,4885,350,1062,46250,GMT+8
ticks,1499778155882000000,i1709,4890,4890,1224,4885,357,34,46284,GMT+8
ticks,1499778156368000000,i1709,4885,4890,1250,4885,325,166,46450,GMT+8
ticks,1499778156845000000,i1709,4890,4890,1209,4885,371,2,46452,GMT+8
ticks,1499778157350000000,i1709,4890,4890,1059,4885,327,322,46774,GMT+8
ticks,1499778157881000000,i1709,4885,4890,1063,4885,323,8,46782,GMT+8
ticks,1499778158382000000,i1709,4885,4890,1079,4885,317,44,46826,GMT+8
ticks,1499778158883000000,i1709,4890,4890,1073,4885,350,22,46848,GMT+8
ticks,1499778159352000000,i1709,4885,4890,1074,4885,360,2,46850,GMT+8
ticks,1499778159846000000,i1709,4890,4890,1073,4885,361,32,46882,GMT+8
ticks,1499778160368000000,i1709,4890,4890,10,4885,357,2188,49070,GMT+8
ticks,1499778160877000000,i1709,4890,4890,53,4885,422,162,49232,GMT+8
ticks,1499778161303000000,i1709,4890,4890,2,4885,500,120,49352,GMT+8
ticks,1499778161853000000,i1709,4885,4890,52,4885,560,30,49382,GMT+8
ticks,1499778162376000000,i1709,4890,4890,17,4885,671,116,49498,GMT+8
ticks,1499778162863000000,i1709,4890,4890,9,4885,702,44,49542,GMT+8
ticks,1499778163357000000,i1709,4890,4890,93,4885,717,16,49558,GMT+8
ticks,1499778163838000000,i1709,4890,4895,1258,4885,727,188,49746,GMT+8
ticks,1499778164381000000,i1709,4885,4890,6,4885,847,132,49878,GMT+8
ticks,1499778164874000000,i1709,4890,4890,51,4885,872,84,49962,GMT+8
ticks,1499778165344000000,i1709,4890,4890,51,4885,872,6,49968,GMT+8
ticks,1499778165880000000,i1709,4890,4890,154,4885,850,24,49992,GMT+8
ticks,1499778166376000000,i1709,4890,4890,202,4885,1050,14,50006,GMT+8
ticks,1499778166866000000,i1709,4890,4890,454,4885,1050,20,50026,GMT+8
ticks,1499778167303000000,i1709,4890,4890,454,4885,1030,10,50036,GMT+8
ticks,1499778167845000000,i1709,4890,4890,528,4885,1010,6,50042,GMT+8
ticks,1499778168375000000,i1709,4895,4895,1233,4885,1007,1256,51298,GMT+8
ticks,1499778168884000000,i1709,4890,4890,90,4885,1010,242,51540,GMT+8
ticks,1499778169323000000,i1709,4890,4890,84,4885,1008,18,51558,GMT+8
ticks,1499778169826000000,i1709,4890,4895,1232,4890,98,172,51730,GMT+8
ticks,1499778170377000000,i1709,4895,4895,1228,4890,114,6,51736,GMT+8
ticks,1499778170881000000,i1709,4895,4895,1222,4890,382,14,51750,GMT+8
ticks,1499778171336000000,i1709,4895,4895,1218,4890,426,12,51762,GMT+8
ticks,1499778171859000000,i1709,4890,4895,1216,4890,482,40,51802,GMT+8
ticks,1499778172308000000,i1709,4895,4895,1132,4890,478,88,51890,GMT+8
ticks,1499778172790000000,i1709,4895,4895,1131,4890,479,12,51902,GMT+8
ticks,1499778173378000000,i1709,4895,4895,1091,4890,485,84,51986,GMT+8
ticks,1499778173826000000,i1709,4895,4895,1080,4890,489,12,51998,GMT+8
ticks,1499778174321000000,i1709,4895,4895,1118,4890,487,26,52024,GMT+8
ticks,1499778174863000000,i1709,4895,4895,1118,4890,490,6,52030,GMT+8
ticks,1499778175352000000,i1709,4895,4895,1114,4890,494,10,52040,GMT+8
ticks,1499778175797000000,i1709,4895,4895,1113,4890,485,22,52062,GMT+8
ticks,1499778176373000000,i1709,4890,4895,1122,4890,463,60,52122,GMT+8
ticks,1499778176794000000,i1709,4895,4895,1119,4890,461,10,52132,GMT+8
ticks,1499778177308000000,i1709,4895,4895,1111,4890,461,4,52136,GMT+8
ticks,1499778177865000000,i1709,4895,4895,1107,4890,466,12,52148,GMT+8
ticks,1499778178380000000,i1709,4890,4895,1104,4890,492,2,52150,GMT+8
ticks,1499778178859000000,i1709,4895,4895,1104,4890,493,8,52158,GMT+8
ticks,1499778179359000000,i1709,4890,4895,1104,4890,552,8,52166,GMT+8
ticks,1499778179864000000,i1709,4895,4895,857,4890,854,602,52768,GMT+8
ticks,1499778180319000000,i1709,4890,4895,857,4890,850,10,52778,GMT+8
ticks,1499778180816000000,i1709,4890,4895,857,4890,1019,10,52788,GMT+8
ticks,1499778181270000000,i1709,4895,4895,839,4890,1023,38,52826,GMT+8
ticks,1499778181836000000,i1709,4895,4895,821,4890,1022,52,52878,GMT+8
ticks,1499778182369000000,i1709,4895,4895,870,4890,1033,6,52884,GMT+8
ticks,1499778182859000000,i1709,4895,4900,1877,4895,295,1744,54628,GMT+8
ticks,1499778183378000000,i1709,4895,4900,1877,4895,421,232,54860,GMT+8
ticks,1499778183873000000,i1709,4900,4900,817,4895,775,2142,57002,GMT+8
ticks,1499778184378000000,i1709,4900,4900,614,4895,797,222,57224,GMT+8
ticks,1499778184812000000,i1709,4900,4900,304,4895,854,610,57834,GMT+8
ticks,1499778185373000000,i1709,4900,4905,1454,4900,189,630,58464,GMT+8
ticks,1499778185874000000,i1709,4900,4905,1416,4900,296,450,58914,GMT+8
ticks,1499778186377000000,i1709,4900,4905,1414,4900,329,46,58960,GMT+8
ticks,1499778186881000000,i1709,4905,4905,1395,4900,342,44,59004,GMT+8
ticks,1499778187381000000,i1709,4905,4905,1368,4900,354,82,59086,GMT+8
ticks,1499778187766000000,i1709,4900,4905,1352,4900,339,64,59150,GMT+8
ticks,1499778188383000000,i1709,4905,4905,1357,4900,25,648,59798,GMT+8
ticks,1499778188859000000,i1709,4900,4900,161,4895,1077,130,59928,GMT+8
ticks,1499778189382000000,i1709,4895,4900,285,4895,1042,10,59938,GMT+8
ticks,1499778189877000000,i1709,4895,4900,318,4895,1023,44,59982,GMT+8
ticks,1499778190376000000,i1709,4900,4900,185,4895,922,544,60526,GMT+8
ticks,1499778190881000000,i1709,4900,4900,131,4895,952,112,60638,GMT+8
ticks,1499778191374000000,i1709,4900,4900,97,4895,974,148,60786,GMT+8
ticks,1499778191851000000,i1709,4905,4905,1248,4900,112,242,61028,GMT+8
ticks,1499778192380000000,i1709,4905,4905,1246,4900,416,14,61042,GMT+8
ticks,1499778192877000000,i1709,4900,4905,1276,4900,438,512,61554,GMT+8
ticks,1499778193348000000,i1709,4900,4905,1257,4900,545,96,61650,GMT+8
ticks,1499778193876000000,i1709,4900,4905,1271,4900,698,84,61734,GMT+8
ticks,1499778194349000000,i1709,4905,4905,1250,4900,722,64,61798,GMT+8
ticks,1499778194807000000,i1709,4905,4905,1217,4900,722,74,61872,GMT+8
ticks,1499778195361000000,i1709,4900,4905,1187,4900,720,74,61946,GMT+8
ticks,1499778195851000000,i1709,4905,4905,1146,4900,716,170,62116,GMT+8
ticks,1499778196379000000,i1709,4900,4905,815,4900,713,626,62742,GMT+8
ticks,1499778196882000000,i1709,4905,4905,755,4900,752,126,62868,GMT+8
ticks,1499778197350000000,i1709,4905,4905,749,4900,756,16,62884,GMT+8
ticks,1499778197870000000,i1709,4905,4905,274,4900,732,968,63852,GMT+8
ticks,1499778198363000000,i1709,4905,4905,289,4900,711,70,63922,GMT+8
ticks,1499778198877000000,i1709,4905,4905,166,4900,704,264,64186,GMT+8
ticks,1499778199373000000,i1709,4905,4905,158,4900,723,34,64220,GMT+8
ticks,1499778199830000000,i1709,4905,4905,133,4900,753,62,64282,GMT+8
ticks,1499778200361000000,i1709,4905,4905,213,4900,784,22,64304,GMT+8
ticks,1499778200880000000,i1709,4900,4905,295,4900,795,54,64358,GMT+8
ticks,1499778201384000000,i1709,4900,4905,349,4900,778,78,64436,GMT+8
ticks,1499778201828000000,i1709,4900,4905,267,4900,783,198,64634,GMT+8
ticks,1499778202367000000,i1709,4905,4905,134,4900,800,276,64910,GMT+8
ticks,1499778202876000000,i1709,4905,4905,318,4900,891,150,65060,GMT+8
ticks,1499778203280000000,i1709,4905,4905,331,4900,892,8,65068,GMT+8
ticks,1499778203880000000,i1709,4905,4905,521,4900,916,24,65092,GMT+8
ticks,1499778204324000000,i1709,4905,4905,525,4900,922,16,65108,GMT+8
ticks,1499778204870000000,i1709,4905,4905,620,4900,920,20,65128,GMT+8
ticks,1499778205305000000,i1709,4905,4905,616,4900,884,10,65138,GMT+8
ticks,1499778205878000000,i1709,4905,4905,617,4900,893,18,65156,GMT+8
ticks,1499778206383000000,i1709,4905,4905,605,4900,941,70,65226,GMT+8
ticks,1499778206847000000,i1709,4905,4905,599,4900,945,18,65244,GMT+8
ticks,1499778207361000000,i1709,4905,4905,693,4900,952,6,65250,GMT+8
ticks,1499778207855000000,i1709,4905,4905,685,4900,956,20,65270,GMT+8
ticks,1499778208378000000,i1709,4905,4905,687,4900,957,26,65296,GMT+8
ticks,1499778208876000000,i1709,4905,4905,682,4900,913,30,65326,GMT+8
ticks,1499778209366000000,i1709,4905,4905,696,4900,914,28,65354,GMT+8
ticks,1499778209862000000,i1709,4905,4905,683,4900,1369,34,65388,GMT+8
ticks,1499778210380000000,i1709,4905,4905,679,4900,1370,12,65400,GMT+8
ticks,1499778210882000000,i1709,4905,4905,673,4900,1378,18,65418,GMT+8
ticks,1499778211298000000,i1709,4905,4905,710,4900,1381,10,65428,GMT+8
ticks,1499778211836000000,i1709,4905,4905,665,4900,1379,98,65526,GMT+8
ticks,1499778212379000000,i1709,4905,4905,644,4900,1382,54,65580,GMT+8
ticks,1499778212882000000,i1709,4905,4905,703,4900,1367,88,65668,GMT+8
ticks,1499778213373000000,i1709,4905,4905,674,4900,1228,118,65786,GMT+8
ticks,1499778213863000000,i1709,4905,4905,630,4900,1168,134,65920,GMT+8
ticks,1499778214301000000,i1709,4905,4905,643,4900,1170,36,65956,GMT+8
ticks,1499778214881000000,i1709,4905,4905,640,4900,1172,28,65984,GMT+8
ticks,1499778215337000000,i1709,4905,4905,590,4900,1169,102,66086,GMT+8
ticks,1499778215874000000,i1709,4905,4905,584,4900,1170,20,66106,GMT+8
ticks,1499778216373000000,i1709,4900,4905,579,4900,1180,12,66118,GMT+8
ticks,1499778216860000000,i1709,4905,4905,534,4900,1182,104,66222,GMT+8
ticks,1499778217357000000,i1709,4905,4905,496,4900,1181,104,66326,GMT+8
ticks,1499778217843000000,i1709,4905,4905,488,4900,1182,20,66346,GMT+8
ticks,1499778218383000000,i1709,4905,4905,3,4900,1183,1086,67432,GMT+8
ticks,1499778218860000000,i1709,4905,4905,272,4900,696,326,67758,GMT+8
ticks,1499778219379000000,i1709,4905,4905,310,4900,717,82,67840,GMT+8
ticks,1499778219839000000,i1709,4905,4905,692,4900,709,12,67852,GMT+8
ticks,1499778220348000000,i1709,4905,4905,705,4900,716,32,67884,GMT+8
ticks,1499778220853000000,i1709,4905,4905,1134,4900,731,30,67914,GMT+8
ticks,1499778221353000000,i1709,4905,4905,1144,4900,826,8,67922,GMT+8
ticks,1499778221865000000,i1709,4905,4905,1141,4900,786,108,68030,GMT+8
ticks,1499778222382000000,i1709,4900,4905,1153,4900,786,6,68036,GMT+8
ticks,1499778222884000000,i1709,4905,4905,1136,4900,802,60,68096,GMT+8
ticks,1499778223342000000,i1709,4900,4905,1140,4900,799,14,68110,GMT+8
ticks,1499778223867000000,i1709,4905,4905,1125,4900,795,14,68124,GMT+8
ticks,1499778224369000000,i1709,4900,4905,1121,4900,791,18,68142,GMT+8
ticks,1499778224830000000,i1709,4900,4905,1115,4900,794,46,68188,GMT+8
ticks,1499778225365000000,i1709,4905,4905,1113,4900,796,2,68190,GMT+8
ticks,1499778225843000000,i1709,4905,4905,1103,4900,798,28,68218,GMT+8
ticks,1499778226320000000,i1709,4905,4905,1109,4900,798,0,68218,GMT+8
ticks,1499778226868000000,i1709,4905,4905,1104,4900,799,14,68232,GMT+8
ticks,1499778227382000000,i1709,4905,4905,1110,4900,802,0,68232,GMT+8
ticks,1499778227882000000,i1709,4905,4905,1111,4900,815,8,68240,GMT+8
ticks,1499778228377000000,i1709,4905,4905,1117,4900,832,4,68244,GMT+8
ticks,1499778228877000000,i1709,4905,4905,1128,4900,806,34,68278,GMT+8
ticks,1499778229320000000,i1709,4905,4905,1132,4900,809,0,68278,GMT+8
ticks,1499778229855000000,i1709,4905,4905,1130,4900,810,14,68292,GMT+8
ticks,1499778230375000000,i1709,4900,4905,1130,4900,810,2,68294,GMT+8
ticks,1499778230883000000,i1709,4900,4905,1137,4900,813,2,68296,GMT+8
ticks,1499778231379000000,i1709,4900,4905,1138,4900,914,0,68296,GMT+8
ticks,1499778231851000000,i1709,4900,4905,1138,4900,546,754,69050,GMT+8
ticks,1499778232337000000,i1709,4900,4905,1135,4900,422,254,69304,GMT+8
ticks,1499778232869000000,i1709,4900,4905,1151,4900,312,86,69390,GMT+8
ticks,1499778233341000000,i1709,4900,4900,284,4895,916,638,70028,GMT+8
ticks,1499778233871000000,i1709,4900,4900,514,4895,912,50,70078,GMT+8
ticks,1499778234346000000,i1709,4900,4900,548,4895,912,10,70088,GMT+8
ticks,1499778234847000000,i1709,4900,4900,547,4895,944,8,70096,GMT+8
ticks,1499778235381000000,i1709,4900,4900,556,4895,914,6,70102,GMT+8
ticks,1499778235876000000,i1709,4895,4900,556,4895,913,14,70116,GMT+8
ticks,1499778236370000000,i1709,4900,4900,550,4895,913,14,70130,GMT+8
ticks,1499778236854000000,i1709,4900,4900,550,4895,924,10,70140,GMT+8
ticks,1499778237303000000,i1709,4900,4900,536,4895,924,28,70168,GMT+8
ticks,1499778237863000000,i1709,4900,4900,541,4895,839,30,70198,GMT+8
ticks,1499778238337000000,i1709,4900,4900,540,4895,845,4,70202,GMT+8
ticks,1499778238832000000,i1709,4895,4900,516,4895,841,34,70236,GMT+8
ticks,1499778239369000000,i1709,4895,4900,520,4895,827,30,70266,GMT+8
ticks,1499778239879000000,i1709,4895,4900,512,4895,826,26,70292,GMT+8
ticks,1499778240376000000,i1709,4900,4900,508,4895,766,134,70426,GMT+8
ticks,1499778240880000000,i1709,4895,4900,508,4895,768,4,70430,GMT+8
ticks,1499778241325000000,i1709,4900,4900,493,4895,769,30,70460,GMT+8
ticks,1499778241859000000,i1709,4895,4900,169,4895,670,264,70724,GMT+8
ticks,1499778242364000000,i1709,4900,4900,119,4895,674,154,70878,GMT+8
ticks,1499778242853000000,i1709,4900,4900,23,4895,675,398,71276,GMT+8
ticks,1499778243336000000,i1709,4900,4905,1220,4900,84,58,71334,GMT+8
ticks,1499778243878000000,i1709,4900,4900,48,4895,727,260,71594,GMT+8
ticks,1499778244306000000,i1709,4900,4900,74,4895,733,34,71628,GMT+8
ticks,1499778244863000000,i1709,4900,4900,692,4895,744,98,71726,GMT+8
ticks,1499778245369000000,i1709,4900,4900,713,4895,649,30,71756,GMT+8
ticks,1499778245873000000,i1709,4900,4900,1096,4895,639,38,71794,GMT+8
ticks,1499778246351000000,i1709,4900,4900,1113,4895,639,4,71798,GMT+8
ticks,1499778246851000000,i1709,4900,4900,1116,4895,591,26,71824,GMT+8
ticks,1499778247226000000,i1709,4900,4900,1141,4895,594,34,71858,GMT+8
ticks,1499778247867000000,i1709,4900,4900,1132,4895,577,70,71928,GMT+8
ticks,1499778248355000000,i1709,4895,4900,1133,4895,680,2,71930,GMT+8
ticks,1499778248839000000,i1709,4900,4900,1134,4895,681,2,71932,GMT+8
ticks,1499778249383000000,i1709,4900,4900,1144,4895,686,0,71932,GMT+8
ticks,1499778249775000000,i1709,4895,4900,1143,4895,685,6,71938,GMT+8
ticks,1499778250288000000,i1709,4900,4900,1146,4895,676,2,71940,GMT+8
ticks,1499778250856000000,i1709,4900,4900,1146,4895,676,8,71948,GMT+8
ticks,1499778251302000000,i1709,4900,4900,1131,4895,677,52,72000,GMT+8
ticks,1499778251882000000,i1709,4900,4900,1139,4895,677,2,72002,GMT+8
ticks,1499778252362000000,i1709,4900,4900,1135,4895,675,24,72026,GMT+8
ticks,1499778252758000000,i1709,4900,4900,1138,4895,674,4,72030,GMT+8
ticks,1499778253370000000,i1709,4900,4900,1153,4895,678,8,72038,GMT+8
ticks,1499778253876000000,i1709,4895,4900,1147,4895,663,44,72082,GMT+8
ticks,1499778254356000000,i1709,4895,4900,1149,4895,663,0,72082,GMT+8
ticks,1499778254812000000,i1709,4900,4900,951,4895,657,430,72512,GMT+8
ticks,1499778255383000000,i1709,4895,4900,999,4895,641,40,72552,GMT+8
ticks,1499778255841000000,i1709,4895,4895,137,4890,1010,1772,74324,GMT+8
ticks,1499778256339000000,i1709,4900,4900,1153,4895,263,348,74672,GMT+8
ticks,1499778256857000000,i1709,4900,4900,1173,4895,305,2,74674,GMT+8
ticks,1499778257366000000,i1709,4900,4900,1173,4895,461,12,74686,GMT+8
ticks,1499778257784000000,i1709,4895,4900,1173,4895,460,4,74690,GMT+8
ticks,1499778258360000000,i1709,4895,4900,1171,4895,249,430,75120,GMT+8
ticks,1499778258884000000,i1709,4895,4895,165,4890,1021,508,75628,GMT+8
ticks,1499778259318000000,i1709,4895,4895,538,4890,1021,2,75630,GMT+8
ticks,1499778259865000000,i1709,4895,4895,563,4890,1020,12,75642,GMT+8
ticks,1499778260367000000,i1709,4895,4895,661,4890,1021,4,75646,GMT+8
ticks,1499778260881000000,i1709,4895,4895,663,4890,1021,4,75650,GMT+8
ticks,1499778261350000000,i1709,4895,4895,662,4890,1021,2,75652,GMT+8
ticks,1499778261875000000,i1709,4895,4895,658,4890,1020,10,75662,GMT+8
ticks,1499778262381000000,i1709,4890,4895,633,4890,1019,52,75714,GMT+8
ticks,1499778262852000000,i1709,4890,4895,624,4890,1015,24,75738,GMT+8
ticks,1499778263344000000,i1709,4895,4895,621,4890,1014,20,75758,GMT+8
ticks,1499778263843000000,i1709,4890,4895,622,4890,1013,2,75760,GMT+8
ticks,1499778264238000000,i1709,4890,4895,625,4890,1002,0,75760,GMT+8
ticks,1499778264883000000,i1709,4895,4895,682,4890,995,22,75782,GMT+8
ticks,1499778265270000000,i1709,4890,4895,679,4890,991,10,75792,GMT+8
ticks,1499778265786000000,i1709,4890,4895,676,4890,991,4,75796,GMT+8
ticks,1499778266379000000,i1709,4895,4895,665,4890,987,22,75818,GMT+8
ticks,1499778266865000000,i1709,4890,4895,664,4890,987,4,75822,GMT+8
ticks,1499778267380000000,i1709,4890,4895,663,4890,984,8,75830,GMT+8
ticks,1499778267836000000,i1709,4890,4895,663,4890,978,12,75842,GMT+8
ticks,1499778268382000000,i1709,4895,4895,675,4890,1037,8,75850,GMT+8
ticks,1499778268811000000,i1709,4895,4895,674,4890,1042,4,75854,GMT+8
ticks,1499778269359000000,i1709,4890,4895,707,4890,896,402,76256,GMT+8
ticks,1499778269884000000,i1709,4890,4895,774,4890,905,0,76256,GMT+8
ticks,1499778270332000000,i1709,4890,4895,791,4890,898,10,76266,GMT+8
ticks,1499778270803000000,i1709,4890,4895,807,4890,897,4,76270,GMT+8
ticks,1499778271341000000,i1709,4890,4895,808,4890,902,0,76270,GMT+8
ticks,1499778271854000000,i1709,4890,4895,808,4890,910,4,76274,GMT+8
ticks,1499778272359000000,i1709,4890,4895,823,4890,785,294,76568,GMT+8
ticks,1499778272872000000,i1709,4890,4895,868,4890,783,8,76576,GMT+8
ticks,1499778273378000000,i1709,4890,4895,1074,4890,585,402,76978,GMT+8
ticks,1499778273873000000,i1709,4890,4895,1074,4890,251,662,77640,GMT+8
ticks,1499778274340000000,i1709,4890,4895,1074,4890,141,226,77866,GMT+8
ticks,1499778274806000000,i1709,4890,4890,334,4885,1246,532,78398,GMT+8
ticks,1499778275369000000,i1709,4890,4890,404,4885,1246,20,78418,GMT+8
ticks,1499778275872000000,i1709,4890,4890,411,4885,1245,24,78442,GMT+8
ticks,1499778276364000000,i1709,4890,4890,610,4885,1249,6,78448,GMT+8
ticks,1499778276875000000,i1709,4890,4890,446,4885,1250,346,78794,GMT+8
ticks,1499778277256000000,i1709,4890,4890,433,4885,1260,30,78824,GMT+8
ticks,1499778277860000000,i1709,4890,4890,448,4885,1259,4,78828,GMT+8
ticks,1499778278284000000,i1709,4890,4890,444,4885,1259,10,78838,GMT+8
ticks,1499778278869000000,i1709,4885,4890,443,4885,1259,4,78842,GMT+8
ticks,1499778279352000000,i1709,4885,4890,452,4885,1260,4,78846,GMT+8
ticks,1499778279868000000,i1709,4890,4890,441,4885,1257,28,78874,GMT+8
ticks,1499778280301000000,i1709,4890,4890,442,4885,1249,12,78886,GMT+8
ticks,1499778280809000000,i1709,4885,4890,447,4885,1250,4,78890,GMT+8
ticks,1499778281361000000,i1709,4890,4890,110,4885,1250,674,79564,GMT+8
ticks,1499778281857000000,i1709,4890,4895,1049,4890,137,630,80194,GMT+8
ticks,1499778282308000000,i1709,4895,4895,1049,4890,186,2,80196,GMT+8
ticks,1499778282803000000,i1709,4890,4895,1049,4890,234,6,80202,GMT+8
ticks,1499778283276000000,i1709,4890,4895,1049,4890,234,14,80216,GMT+8
ticks,1499778283847000000,i1709,4890,4895,1049,4890,145,176,80392,GMT+8
ticks,1499778284302000000,i1709,4890,4895,1049,4890,176,4,80396,GMT+8
ticks,1499778284883000000,i1709,4890,4895,1050,4890,174,6,80402,GMT+8
ticks,1499778285283000000,i1709,4890,4895,1050,4890,180,18,80420,GMT+8
ticks,1499778285880000000,i1709,4895,4895,1049,4890,176,14,80434,GMT+8
ticks,1499778286364000000,i1709,4890,4895,1050,4890,169,22,80456,GMT+8
ticks,1499778286870000000,i1709,4890,4895,1035,4890,213,86,80542,GMT+8
ticks,1499778287325000000,i1709,4895,4895,1032,4890,216,26,80568,GMT+8
ticks,1499778287780000000,i1709,4890,4895,1045,4890,166,102,80670,GMT+8
ticks,1499778288349000000,i1709,4890,4895,1045,4890,171,2,80672,GMT+8
ticks,1499778288838000000,i1709,4890,4895,1036,4890,224,42,80714,GMT+8
ticks,1499778289854000000,i1709,4890,4895,1032,4890,214,30,80744,GMT+8
ticks,1499778290374000000,i1709,4890,4895,999,4890,254,32,80776,GMT+8
ticks,1499778290866000000,i1709,4890,4895,998,4890,252,4,80780,GMT+8
ticks,1499778291262000000,i1709,4890,4895,994,4890,251,12,80792,GMT+8
ticks,1499778291866000000,i1709,4890,4895,995,4890,262,22,80814,GMT+8
ticks,1499778292363000000,i1709,4890,4895,871,4890,471,8,80822,GMT+8
ticks,1499778292802000000,i1709,4890,4895,973,4890,349,280,81102,GMT+8
ticks,1499778293308000000,i1709,4890,4895,973,4890,348,4,81106,GMT+8
ticks,1499778293868000000,i1709,4890,4895,974,4890,381,14,81120,GMT+8
ticks,1499778294278000000,i1709,4890,4895,976,4890,391,2,81122,GMT+8
ticks,1499778294857000000,i1709,4890,4895,976,4890,394,2,81124,GMT+8
ticks,1499778295321000000,i1709,4895,4895,975,4890,389,2,81126,GMT+8
ticks,1499778295880000000,i1709,4890,4895,972,4890,350,18,81144,GMT+8
ticks,1499778296374000000,i1709,4890,4895,972,4890,298,100,81244,GMT+8
ticks,1499778296823000000,i1709,4890,4895,990,4890,276,8,81252,GMT+8
ticks,1499778297292000000,i1709,4890,4895,989,4890,276,0,81252,GMT+8
ticks,1499778297789000000,i1709,4890,4895,991,4890,275,2,81254,GMT+8
ticks,1499778298352000000,i1709,4895,4895,965,4890,339,22,81276,GMT+8
ticks,1499778298814000000,i1709,4890,4895,964,4890,332,22,81298,GMT+8
ticks,1499778299362000000,i1709,4890,4895,962,4890,361,0,81298,GMT+8
ticks,1499778299859000000,i1709,4890,4895,961,4890,360,4,81302,GMT+8
ticks,1499778300305000000,i1709,4895,4895,941,4890,335,48,81350,GMT+8
ticks,1499778300842000000,i1709,4890,4895,945,4890,339,4,81354,GMT+8
ticks,1499778301373000000,i1709,4890,4895,945,4890,340,0,81354,GMT+8
ticks,1499778301824000000,i1709,4895,4895,946,4890,340,4,81358,GMT+8
ticks,1499778302385000000,i1709,4890,4895,944,4890,338,12,81370,GMT+8
ticks,1499778302873000000,i1709,4890,4895,934,4890,347,36,81406,GMT+8
ticks,1499778303375000000,i1709,4895,4895,922,4890,370,26,81432,GMT+8
ticks,1499778303800000000,i1709,4890,4895,941,4890,355,46,81478,GMT+8
ticks,1499778304371000000,i1709,4895,4895,935,4890,308,54,81532,GMT+8
ticks,1499778304851000000,i1709,4895,4895,931,4890,312,6,81538,GMT+8
ticks,1499778305363000000,i1709,4895,4895,932,4890,310,0,81538,GMT+8
ticks,1499778305863000000,i1709,4895,4895,919,4890,309,32,81570,GMT+8
ticks,1499778306380000000,i1709,4895,4895,920,4890,324,0,81570,GMT+8
ticks,1499778306761000000,i1709,4895,4895,920,4890,322,0,81570,GMT+8
ticks,1499778307346000000,i1709,4895,4895,916,4890,325,12,81582,GMT+8
ticks,1499778307865000000,i1709,4895,4895,915,4890,321,14,81596,GMT+8
ticks,1499778308303000000,i1709,4895,4895,914,4890,323,4,81600,GMT+8
ticks,1499778308858000000,i1709,4890,4895,904,4890,305,60,81660,GMT+8
ticks,1499778309335000000,i1709,4895,4895,908,4890,268,2,81662,GMT+8
ticks,1499778309768000000,i1709,4890,4895,912,4890,245,6,81668,GMT+8
ticks,1499778310370000000,i1709,4890,4895,911,4890,236,22,81690,GMT+8
ticks,1499778310820000000,i1709,4890,4895,912,4890,254,4,81694,GMT+8
ticks,1499778311369000000,i1709,4895,4895,912,4890,272,2,81696,GMT+8
ticks,1499778311876000000,i1709,4895,4895,920,4890,272,6,81702,GMT+8
ticks,1499778312341000000,i1709,4890,4895,919,4890,277,4,81706,GMT+8
ticks,1499778312846000000,i1709,4895,4895,819,4890,326,204,81910,GMT+8
ticks,1499778313320000000,i1709,4895,4895,776,4890,348,76,81986,GMT+8
ticks,1499778313842000000,i1709,4890,4895,770,4890,316,32,82018,GMT+8
ticks,1499778314371000000,i1709,4890,4895,770,4890,366,0,82018,GMT+8
ticks,1499778314871000000,i1709,4890,4895,770,4890,366,2,82020,GMT+8
ticks,1499778315380000000,i1709,4890,4895,771,4890,366,0,82020,GMT+8
ticks,1499778315580000000,i1709,4890,4895,771,4890,368,2,82022,GMT+8
ticks,1499778316369000000,i1709,4890,4895,774,4890,366,4,82026,GMT+8
ticks,1499778316878000000,i1709,4895,4895,769,4890,370,10,82036,GMT+8
ticks,1499778317358000000,i1709,4890,4895,766,4890,373,12,82048,GMT+8
ticks,1499778317855000000,i1709,4890,4895,778,4890,389,4,82052,GMT+8
ticks,1499778318356000000,i1709,4890,4890,131,4885,1862,794,82846,GMT+8
ticks,1499778318866000000,i1709,4885,4890,213,4885,1883,6,82852,GMT+8
ticks,1499778319384000000,i1709,4890,4890,214,4885,1882,26,82878,GMT+8
ticks,1499778319871000000,i1709,4890,4890,228,4885,1882,4,82882,GMT+8
ticks,1499778320336000000,i1709,4890,4890,223,4885,1881,12,82894,GMT+8
ticks,1499778320841000000,i1709,4885,4890,221,4885,1877,8,82902,GMT+8
ticks,1499778321347000000,i1709,4890,4890,225,4885,1873,14,82916,GMT+8
ticks,1499778321834000000,i1709,4885,4890,224,4885,1880,4,82920,GMT+8
ticks,1499778322358000000,i1709,4890,4895,856,4890,401,478,83398,GMT+8
ticks,1499778322865000000,i1709,4890,4895,842,4890,403,20,83418,GMT+8
ticks,1499778323382000000,i1709,4895,4895,834,4890,394,26,83444,GMT+8
ticks,1499778323800000000,i1709,4890,4895,835,4890,354,104,83548,GMT+8
ticks,1499778324373000000,i1709,4890,4895,836,4890,352,4,83552,GMT+8
ticks,1499778324802000000,i1709,4890,4895,836,4890,350,4,83556,GMT+8
ticks,1499778325336000000,i1709,4895,4895,813,4890,525,32,83588,GMT+8
ticks,1499778325858000000,i1709,4890,4895,814,4890,334,402,83990,GMT+8
ticks,1499778326346000000,i1709,4890,4895,812,4890,336,6,83996,GMT+8
ticks,1499778326882000000,i1709,4895,4895,779,4890,340,34,84030,GMT+8
ticks,1499778327342000000,i1709,4890,4895,789,4890,324,10,84040,GMT+8
ticks,1499778327802000000,i1709,4890,4895,779,4890,363,28,84068,GMT+8
ticks,1499778328297000000,i1709,4890,4895,778,4890,363,2,84070,GMT+8
ticks,1499778328809000000,i1709,4890,4895,772,4890,606,44,84114,GMT+8
ticks,1499778329379000000,i1709,4890,4895,770,4890,611,6,84120,GMT+8
ticks,1499778329811000000,i1709,4890,4895,773,4890,643,0,84120,GMT+8
ticks,1499778330060000000,i1709,4890,4895,774,4890,636,2,84122,GMT+8
ticks,1499778330875000000,i1709,4890,4895,775,4890,648,14,84136,GMT+8
ticks,1499778331252000000,i1709,4890,4895,777,4890,632,30,84166,GMT+8
ticks,1499778331874000000,i1709,4890,4895,777,4890,629,2,84168,GMT+8
ticks,1499778332307000000,i1709,4890,4895,798,4890,611,4,84172,GMT+8
ticks,1499778332789000000,i1709,4890,4895,797,4890,610,8,84180,GMT+8
ticks,1499778333354000000,i1709,4890,4895,790,4890,649,2,84182,GMT+8
ticks,1499778333865000000,i1709,4895,4895,783,4890,650,4,84186,GMT+8
ticks,1499778334341000000,i1709,4890,4895,785,4890,620,64,84250,GMT+8
ticks,1499778334826000000,i1709,4890,4895,789,4890,665,30,84280,GMT+8
ticks,1499778335363000000,i1709,4890,4895,795,4890,881,4,84284,GMT+8
ticks,1499778335881000000,i1709,4895,4895,595,4890,917,400,84684,GMT+8
ticks,1499778336370000000,i1709,4895,4895,642,4890,932,0,84684,GMT+8
ticks,1499778336825000000,i1709,4895,4895,580,4890,934,0,84684,GMT+8
ticks,1499778337338000000,i1709,4890,4895,581,4890,937,2,84686,GMT+8
ticks,1499778337866000000,i1709,4890,4895,582,4890,943,4,84690,GMT+8
ticks,1499778338348000000,i1709,4890,4895,594,4890,948,0,84690,GMT+8
ticks,1499778338857000000,i1709,4890,4895,643,4890,931,24,84714,GMT+8
ticks,1499778339246000000,i1709,4890,4895,616,4890,913,20,84734,GMT+8
ticks,1499778339843000000,i1709,4890,4895,616,4890,910,2,84736,GMT+8
ticks,1499778340374000000,i1709,4890,4895,617,4890,911,0,84736,GMT+8
ticks,1499778340830000000,i1709,4890,4895,592,4890,909,56,84792,GMT+8
ticks,1499778341357000000,i1709,4895,4895,591,4890,910,2,84794,GMT+8
ticks,1499778341855000000,i1709,4890,4895,624,4890,882,28,84822,GMT+8
ticks,1499778342310000000,i1709,4895,4895,625,4890,881,2,84824,GMT+8
ticks,1499778342859000000,i1709,4890,4895,630,4890,877,4,84828,GMT+8
ticks,1499778343380000000,i1709,4890,4895,628,4890,879,0,84828,GMT+8
ticks,1499778343870000000,i1709,4895,4895,613,4890,878,24,84852,GMT+8
ticks,1499778344320000000,i1709,4890,4895,599,4890,979,32,84884,GMT+8
ticks,1499778344803000000,i1709,4895,4895,573,4890,981,10,84894,GMT+8
ticks,1499778345371000000,i1709,4895,4895,472,4890,988,200,85094,GMT+8
ticks,1499778345819000000,i1709,4895,4895,469,4890,998,0,85094,GMT+8
ticks,1499778346304000000,i1709,4895,4895,460,4890,998,20,85114,GMT+8
ticks,1499778346824000000,i1709,4890,4895,461,4890,999,2,85116,GMT+8
ticks,1499778347340000000,i1709,4890,4895,511,4890,1004,0,85116,GMT+8
ticks,1499778347872000000,i1709,4895,4895,491,4890,1012,64,85180,GMT+8
ticks,1499778348346000000,i1709,4895,4895,483,4890,1014,10,85190,GMT+8
ticks,1499778348866000000,i1709,4895,4895,476,4890,1029,32,85222,GMT+8
ticks,1499778349792000000,i1709,4895,4895,477,4890,1043,4,85226,GMT+8
ticks,1499778350385000000,i1709,4895,4895,485,4890,1048,12,85238,GMT+8
ticks,1499778350838000000,i1709,4895,4895,484,4890,1046,4,85242,GMT+8
ticks,1499778351371000000,i1709,4895,4895,480,4890,1048,8,85250,GMT+8
ticks,1499778351877000000,i1709,4895,4895,459,4890,1146,46,85296,GMT+8
ticks,1499778352302000000,i1709,4895,4895,431,4890,1154,56,85352,GMT+8
ticks,1499778352881000000,i1709,4895,4895,227,4890,1245,396,85748,GMT+8
ticks,1499778353316000000,i1709,4895,4900,1413,4895,208,460,86208,GMT+8
ticks,1499778353857000000,i1709,4895,4900,1413,4895,259,4,86212,GMT+8
ticks,1499778354353000000,i1709,4895,4900,1414,4895,288,0,86212,GMT+8
ticks,1499778354857000000,i1709,4895,4900,1414,4895,292,4,86216,GMT+8
ticks,1499778355874000000,i1709,4895,4900,1416,4895,288,8,86224,GMT+8
ticks,1499778356346000000,i1709,4895,4900,1416,4895,286,4,86228,GMT+8
ticks,1499778356865000000,i1709,4895,4900,1416,4895,284,8,86236,GMT+8
ticks,1499778357382000000,i1709,4895,4900,1417,4895,282,2,86238,GMT+8
ticks,1499778357768000000,i1709,4895,4900,1416,4895,278,10,86248,GMT+8
ticks,1499778358296000000,i1709,4895,4900,1415,4895,277,14,86262,GMT+8
ticks,1499778358863000000,i1709,4895,4900,1409,4895,255,56,86318,GMT+8
ticks,1499778359316000000,i1709,4895,4900,1409,4895,255,10,86328,GMT+8
ticks,1499778359822000000,i1709,4895,4900,1429,4895,269,2,86330,GMT+8
ticks,1499778360363000000,i1709,4895,4900,1427,4895,315,30,86360,GMT+8
ticks,1499778360804000000,i1709,4895,4900,1426,4895,263,54,86414,GMT+8
ticks,1499778361378000000,i1709,4895,4900,1397,4895,268,70,86484,GMT+8
ticks,1499778361733000000,i1709,4895,4900,1400,4895,259,0,86484,GMT+8
ticks,1499778362376000000,i1709,4895,4900,1400,4895,255,6,86490,GMT+8
ticks,1499778362569000000,i1709,4895,4900,1401,4895,264,6,86496,GMT+8
ticks,1499778363373000000,i1709,4900,4900,1418,4895,265,4,86500,GMT+8
ticks,1499778363804000000,i1709,4895,4900,1426,4895,264,2,86502,GMT+8
ticks,1499778364337000000,i1709,4895,4900,1431,4895,264,0,86502,GMT+8
ticks,1499778364882000000,i1709,4895,4900,1427,4895,359,32,86534,GMT+8
ticks,1499778365374000000,i1709,4900,4900,1427,4895,361,8,86542,GMT+8
ticks,1499778365880000000,i1709,4900,4900,1430,4895,375,0,86542,GMT+8
ticks,1499778366278000000,i1709,4900,4900,1430,4895,364,26,86568,GMT+8
ticks,1499778366808000000,i1709,4895,4900,1429,4895,357,18,86586,GMT+8
ticks,1499778367342000000,i1709,4895,4900,1428,4895,348,20,86606,GMT+8
ticks,1499778367838000000,i1709,4895,4900,1431,4895,347,4,86610,GMT+8
ticks,1499778368325000000,i1709,4900,4900,1421,4895,347,20,86630,GMT+8
ticks,1499778368869000000,i1709,4900,4900,1406,4895,337,14,86644,GMT+8
ticks,1499778369381000000,i1709,4900,4900,1418,4895,335,0,86644,GMT+8
ticks,1499778369872000000,i1709,4895,4900,1418,4895,329,12,86656,GMT+8
ticks,1499778370346000000,i1709,4895,4900,1420,4895,332,28,86684,GMT+8
ticks,1499778370884000000,i1709,4895,4900,1421,4895,332,2,86686,GMT+8
ticks,1499778371384000000,i1709,4900,4900,1423,4895,332,2,86688,GMT+8
ticks,1499778371874000000,i1709,4900,4900,1414,4895,426,12,86700,GMT+8
ticks,1499778372327000000,i1709,4900,4900,1413,4895,452,12,86712,GMT+8
ticks,1499778372881000000,i1709,4895,4895,198,4890,1663,914,87626,GMT+8
ticks,1499778373321000000,i1709,4895,4895,88,4890,1672,228,87854,GMT+8
ticks,1499778373830000000,i1709,4895,4895,87,4890,1640,20,87874,GMT+8
ticks,1499778374348000000,i1709,4895,4900,1442,4895,76,178,88052,GMT+8
ticks,1499778374885000000,i1709,4895,4900,1440,4895,88,10,88062,GMT+8
ticks,1499778375342000000,i1709,4895,4900,1445,4895,86,4,88066,GMT+8
ticks,1499778375822000000,i1709,4895,4900,1446,4895,76,20,88086,GMT+8
ticks,1499778376346000000,i1709,4900,4900,1449,4895,75,10,88096,GMT+8
ticks,1499778376827000000,i1709,4900,4900,1451,4895,77,0,88096,GMT+8
ticks,1499778377360000000,i1709,4895,4900,1452,4895,76,2,88098,GMT+8
ticks,1499778377858000000,i1709,4895,4900,1455,4895,73,26,88124,GMT+8
ticks,1499778378347000000,i1709,4900,4900,1451,4895,116,32,88156,GMT+8
ticks,1499778378874000000,i1709,4900,4900,1450,4895,160,8,88164,GMT+8
ticks,1499778379357000000,i1709,4900,4900,1390,4895,202,110,88274,GMT+8
ticks,1499778379875000000,i1709,4900,4900,1259,4895,546,22,88296,GMT+8
ticks,1499778380347000000,i1709,4900,4900,1263,4895,658,0,88296,GMT+8
ticks,1499778380875000000,i1709,4900,4900,1257,4895,767,14,88310,GMT+8
ticks,1499778381378000000,i1709,4900,4900,1257,4895,771,0,88310,GMT+8
ticks,1499778381786000000,i1709,4900,4900,1245,4895,771,6,88316,GMT+8
ticks,1499778382342000000,i1709,4900,4900,1235,4895,771,4,88320,GMT+8
ticks,1499778382852000000,i1709,4900,4900,1232,4895,769,12,88332,GMT+8
ticks,1499778383376000000,i1709,4900,4900,1230,4895,792,0,88332,GMT+8
ticks,1499778383878000000,i1709,4900,4900,1228,4895,799,4,88336,GMT+8
ticks,1499778384282000000,i1709,4900,4900,1227,4895,799,4,88340,GMT+8
ticks,1499778384841000000,i1709,4900,4900,1216,4895,798,32,88372,GMT+8
ticks,1499778385182000000,i1709,4900,4900,1216,4895,798,2,88374,GMT+8
ticks,1499778385833000000,i1709,4900,4900,1162,4895,799,126,88500,GMT+8
ticks,1499778386342000000,i1709,4895,4900,1162,4895,800,20,88520,GMT+8
ticks,1499778386837000000,i1709,4900,4900,1158,4895,801,8,88528,GMT+8
ticks,1499778387348000000,i1709,4900,4900,1154,4895,795,22,88550,GMT+8
ticks,1499778387812000000,i1709,4895,4900,1147,4895,800,20,88570,GMT+8
ticks,1499778388297000000,i1709,4895,4900,1146,4895,798,12,88582,GMT+8
ticks,1499778388801000000,i1709,4895,4900,1146,4895,845,6,88588,GMT+8
ticks,1499778389343000000,i1709,4900,4900,1140,4895,1043,12,88600,GMT+8
ticks,1499778389881000000,i1709,4900,4900,1118,4895,1044,48,88648,GMT+8
ticks,1499778390383000000,i1709,4900,4900,1105,4895,1045,10,88658,GMT+8
ticks,1499778390832000000,i1709,4900,4900,1110,4895,1046,4,88662,GMT+8
ticks,1499778391352000000,i1709,4900,4900,1098,4895,1050,26,88688,GMT+8
ticks,1499778391840000000,i1709,4895,4900,1091,4895,1051,8,88696,GMT+8
ticks,1499778392357000000,i1709,4900,4900,1081,4895,1057,20,88716,GMT+8
ticks,1499778392881000000,i1709,4900,4900,1020,4895,1056,124,88840,GMT+8
ticks,1499778393364000000,i1709,4900,4900,1004,4895,1055,6,88846,GMT+8
ticks,1499778393882000000,i1709,4900,4900,988,4895,1057,46,88892,GMT+8
ticks,1499778394301000000,i1709,4900,4900,1087,4895,1058,2,88894,GMT+8
ticks,1499778394825000000,i1709,4900,4900,1068,4895,1065,44,88938,GMT+8
ticks,1499778395363000000,i1709,4900,4900,138,4895,1189,2510,91448,GMT+8
ticks,1499778395859000000,i1709,4900,4900,135,4895,1161,14,91462,GMT+8
ticks,1499778396371000000,i1709,4900,4905,1637,4900,358,322,91784,GMT+8
ticks,1499778396847000000,i1709,4905,4905,1612,4900,375,42,91826,GMT+8
ticks,1499778397328000000,i1709,4900,4905,1611,4900,1494,40,91866,GMT+8
ticks,1499778397886000000,i1709,4905,4905,1442,4900,1597,6,91872,GMT+8
ticks,1499778398381000000,i1709,4905,4905,1432,4900,1608,0,91872,GMT+8
ticks,1499778398868000000,i1709,4900,4905,1506,4900,1518,14,91886,GMT+8
ticks,1499778399325000000,i1709,4905,4905,1504,4900,1518,4,91890,GMT+8
ticks,1499778399831000000,i1709,4900,4905,1503,4900,1521,10,91900,GMT+8
ticks,1499778400231000000,i1709,4900,4905,1497,4900,1522,0,91900,GMT+8
ticks,1499778400885000000,i1709,4905,4905,1453,4900,1521,42,91942,GMT+8
ticks,1499778401379000000,i1709,4905,4905,1450,4900,1523,4,91946,GMT+8
ticks,1499778401829000000,i1709,4900,4905,1429,4900,1521,46,91992,GMT+8
ticks,1499778402384000000,i1709,4900,4905,1473,4900,1495,20,92012,GMT+8
ticks,1499778402876000000,i1709,4905,4905,1470,4900,1495,8,92020,GMT+8
ticks,1499778403363000000,i1709,4905,4905,1460,4900,1499,36,92056,GMT+8
ticks,1499778403861000000,i1709,4905,4905,1451,4900,1498,22,92078,GMT+8
ticks,1499778404350000000,i1709,4905,4905,1433,4900,1492,42,92120,GMT+8
ticks,1499778404843000000,i1709,4900,4905,1426,4900,1507,18,92138,GMT+8
ticks,1499778405375000000,i1709,4905,4905,1418,4900,1509,12,92150,GMT+8
ticks,1499778405839000000,i1709,4905,4905,1417,4900,1508,6,92156,GMT+8
ticks,1499778406367000000,i1709,4905,4905,1412,4900,1510,10,92166,GMT+8
ticks,1499778406850000000,i1709,4905,4905,1406,4900,1406,216,92382,GMT+8
ticks,1499778407346000000,i1709,4900,4905,1400,4900,1427,40,92422,GMT+8
ticks,1499778407883000000,i1709,4905,4905,1370,4900,1445,68,92490,GMT+8
ticks,1499778408365000000,i1709,4900,4905,1364,4900,1452,12,92502,GMT+8
ticks,1499778408879000000,i1709,4905,4905,1368,4900,1457,10,92512,GMT+8
ticks,1499778409302000000,i1709,4905,4905,1366,4900,1456,12,92524,GMT+8
ticks,1499778409841000000,i1709,4905,4905,1363,4900,1563,12,92536,GMT+8
ticks,1499778410361000000,i1709,4900,4905,1360,4900,1565,28,92564,GMT+8
ticks,1499778410886000000,i1709,4905,4905,1359,4900,1559,4,92568,GMT+8
ticks,1499778411284000000,i1709,4905,4905,1358,4900,1562,6,92574,GMT+8
ticks,1499778411857000000,i1709,4905,4905,1248,4900,1765,22,92596,GMT+8
ticks,1499778412371000000,i1709,4905,4905,1251,4900,1766,0,92596,GMT+8
ticks,1499778412870000000,i1709,4905,4905,1297,4900,1770,12,92608,GMT+8
ticks,1499778413275000000,i1709,4905,4905,1293,4900,1785,10,92618,GMT+8
ticks,1499778413757000000,i1709,4900,4905,1303,4900,1761,74,92692,GMT+8
ticks,1499778414293000000,i1709,4900,4905,1290,4900,1747,60,92752,GMT+8
ticks,1499778414863000000,i1709,4905,4905,1286,4900,1748,8,92760,GMT+8
ticks,1499778415362000000,i1709,4905,4905,1287,4900,1740,30,92790,GMT+8
ticks,1499778415880000000,i1709,4905,4905,1281,4900,1739,16,92806,GMT+8
ticks,1499778416352000000,i1709,4905,4905,1275,4900,1741,8,92814,GMT+8
ticks,1499778416858000000,i1709,4905,4905,1287,4900,1745,20,92834,GMT+8
ticks,1499778417341000000,i1709,4905,4905,1285,4900,1756,4,92838,GMT+8
ticks,1499778417790000000,i1709,4905,4905,1285,4900,1758,4,92842,GMT+8
ticks,1499778418366000000,i1709,4905,4905,1287,4900,1763,6,92848,GMT+8
ticks,1499778418852000000,i1709,4905,4905,1284,4900,1771,8,92856,GMT+8
ticks,1499778419315000000,i1709,4905,4905,1282,4900,1776,26,92882,GMT+8
ticks,1499778419877000000,i1709,4905,4905,1280,4900,1784,8,92890,GMT+8
ticks,1499778420386000000,i1709,4900,4905,1272,4900,1787,28,92918,GMT+8
ticks,1499778420808000000,i1709,4905,4905,1273,4900,1790,4,92922,GMT+8
ticks,1499778421321000000,i1709,4905,4905,1272,4900,1942,6,92928,GMT+8
ticks,1499778421882000000,i1709,4905,4905,1255,4900,1959,46,92974,GMT+8
ticks,1499778422362000000,i1709,4905,4905,1254,4900,1954,20,92994,GMT+8
ticks,1499778422740000000,i1709,4905,4905,1252,4900,1958,6,93000,GMT+8
ticks,1499778423374000000,i1709,4900,4905,1248,4900,1957,12,93012,GMT+8
ticks,1499778423865000000,i1709,4905,4905,1234,4900,1958,24,93036,GMT+8
ticks,1499778424348000000,i1709,4905,4905,1216,4900,1990,54,93090,GMT+8
ticks,1499778424856000000,i1709,4905,4905,1221,4900,1991,0,93090,GMT+8
ticks,1499778425321000000,i1709,4905,4905,1222,4900,2029,0,93090,GMT+8
ticks,1499778425887000000,i1709,4905,4905,1216,4900,2029,14,93104,GMT+8
ticks,1499778426384000000,i1709,4905,4905,1216,4900,1876,26,93130,GMT+8
ticks,1499778426858000000,i1709,4905,4905,1259,4900,1843,26,93156,GMT+8
ticks,1499778427354000000,i1709,4905,4905,1358,4900,1841,6,93162,GMT+8
ticks,1499778427885000000,i1709,4905,4905,1364,4900,1841,2,93164,GMT+8
ticks,1499778428375000000,i1709,4905,4905,1363,4900,1846,2,93166,GMT+8
ticks,1499778428844000000,i1709,4905,4905,1363,4900,1845,6,93172,GMT+8
ticks,1499778429319000000,i1709,4905,4905,1364,4900,1847,0,93172,GMT+8
ticks,1499778429857000000,i1709,4905,4905,1369,4900,1848,10,93182,GMT+8
ticks,1499778430272000000,i1709,4905,4905,1371,4900,1849,0,93182,GMT+8
ticks,1499778430883000000,i1709,4900,4905,1382,4900,1846,8,93190,GMT+8
ticks,1499778431318000000,i1709,4905,4905,1400,4900,1830,6,93196,GMT+8
ticks,1499778431799000000,i1709,4905,4905,1386,4900,1837,28,93224,GMT+8
ticks,1499778432330000000,i1709,4905,4905,1385,4900,1834,12,93236,GMT+8
ticks,1499778432878000000,i1709,4905,4905,1334,4900,1833,6,93242,GMT+8
ticks,1499778433379000000,i1709,4905,4905,1129,4900,1833,410,93652,GMT+8
ticks,1499778433809000000,i1709,4905,4905,1128,4900,1837,2,93654,GMT+8
ticks,1499778434355000000,i1709,4905,4905,1127,4900,1839,2,93656,GMT+8
ticks,1499778434828000000,i1709,4905,4905,1127,4900,1834,8,93664,GMT+8
ticks,1499778435247000000,i1709,4905,4905,1125,4900,1854,4,93668,GMT+8
ticks,1499778435816000000,i1709,4900,4905,1125,4900,1755,202,93870,GMT+8
ticks,1499778436384000000,i1709,4905,4905,1121,4900,1764,12,93882,GMT+8
ticks,1499778436876000000,i1709,4905,4905,1122,4900,1772,0,93882,GMT+8
ticks,1499778437336000000,i1709,4905,4905,1123,4900,1772,0,93882,GMT+8
ticks,1499778437826000000,i1709,4905,4905,1143,4900,1774,20,93902,GMT+8
ticks,1499778438337000000,i1709,4900,4905,1152,4900,61,3438,97340,GMT+8
ticks,1499778438846000000,i1709,4900,4900,327,4895,1506,124,97464,GMT+8
ticks,1499778439329000000,i1709,4900,4900,349,4895,1533,6,97470,GMT+8
ticks,1499778439860000000,i1709,4900,4900,335,4895,1532,30,97500,GMT+8
ticks,1499778440307000000,i1709,4900,4900,261,4895,1532,0,97500,GMT+8
ticks,1499778440877000000,i1709,4900,4900,261,4895,1532,2,97502,GMT+8
ticks,1499778441305000000,i1709,4900,4900,260,4895,1532,4,97506,GMT+8
ticks,1499778441837000000,i1709,4895,4900,267,4895,1531,8,97514,GMT+8
ticks,1499778442370000000,i1709,4900,4900,273,4895,1531,18,97532,GMT+8
ticks,1499778442819000000,i1709,4900,4900,261,4895,1531,36,97568,GMT+8
ticks,1499778443385000000,i1709,4900,4900,276,4895,1584,4,97572,GMT+8
ticks,1499778443846000000,i1709,4900,4900,271,4895,1583,12,97584,GMT+8
ticks,1499778444341000000,i1709,4895,4900,282,4895,1582,4,97588,GMT+8
ticks,1499778444838000000,i1709,4900,4900,317,4895,1589,16,97604,GMT+8
ticks,1499778445375000000,i1709,4900,4900,309,4895,1588,26,97630,GMT+8
ticks,1499778445813000000,i1709,4900,4900,325,4895,1588,6,97636,GMT+8
ticks,1499778446242000000,i1709,4895,4900,325,4895,1586,8,97644,GMT+8
ticks,1499778446876000000,i1709,4900,4900,175,4895,1587,108,97752,GMT+8
ticks,1499778447355000000,i1709,4895,4900,10,4895,1606,476,98228,GMT+8
ticks,1499778447879000000,i1709,4900,4900,45,4895,1620,32,98260,GMT+8
ticks,1499778448351000000,i1709,4900,4900,1,4895,1615,98,98358,GMT+8
ticks,1499778448876000000,i1709,4900,4905,1209,4895,1603,28,98386,GMT+8
ticks,1499778449375000000,i1709,4900,4900,16,4895,1603,8,98394,GMT+8
ticks,1499778449883000000,i1709,4900,4900,13,4895,1750,8,98402,GMT+8
ticks,1499778450300000000,i1709,4895,4900,8,4895,1756,12,98414,GMT+8
ticks,1499778450873000000,i1709,4895,4905,1211,4895,1734,20,98434,GMT+8
ticks,1499778451351000000,i1709,4900,4900,6,4895,1661,152,98586,GMT+8
ticks,1499778451883000000,i1709,4900,4900,6,4895,1661,8,98594,GMT+8
ticks,1499778452260000000,i1709,4895,4900,1,4895,1659,16,98610,GMT+8
ticks,1499778452797000000,i1709,4900,4900,1,4895,1653,8,98618,GMT+8
ticks,1499778453302000000,i1709,4900,4905,1215,4895,1651,20,98638,GMT+8
ticks,1499778453807000000,i1709,4900,4905,1215,4900,63,146,98784,GMT+8
ticks,1499778454373000000,i1709,4900,4900,81,4895,1635,136,98920,GMT+8
ticks,1499778454864000000,i1709,4900,4900,80,4895,1642,18,98938,GMT+8
ticks,1499778455346000000,i1709,4900,4900,81,4895,1630,0,98938,GMT+8
ticks,1499778455829000000,i1709,4900,4900,127,4895,1620,10,98948,GMT+8
ticks,1499778456369000000,i1709,4900,4900,128,4895,1610,0,98948,GMT+8
ticks,1499778456741000000,i1709,4895,4900,185,4895,1609,2,98950,GMT+8
ticks,1499778457340000000,i1709,4900,4900,44,4895,1609,276,99226,GMT+8
ticks,1499778457849000000,i1709,4900,4905,1221,4900,33,136,99362,GMT+8
ticks,1499778458339000000,i1709,4900,4905,1220,4900,278,12,99374,GMT+8
ticks,1499778458864000000,i1709,4900,4905,1221,4900,325,52,99426,GMT+8
ticks,1499778459314000000,i1709,4900,4905,1221,4900,461,2,99428,GMT+8
ticks,1499778459834000000,i1709,4905,4905,1139,4900,468,100,99528,GMT+8
ticks,1499778460376000000,i1709,4900,4905,1138,4900,458,22,99550,GMT+8
ticks,1499778460874000000,i1709,4900,4905,1158,4900,474,18,99568,GMT+8
ticks,1499778461379000000,i1709,4905,4905,1069,4900,497,200,99768,GMT+8
ticks,1499778461788000000,i1709,4900,4905,1068,4900,500,6,99774,GMT+8
ticks,1499778462305000000,i1709,4905,4905,1065,4900,479,44,99818,GMT+8
ticks,1499778462838000000,i1709,4900,4905,1068,4900,483,12,99830,GMT+8
ticks,1499778463345000000,i1709,4900,4905,1068,4900,474,26,99856,GMT+8
ticks,1499778463872000000,i1709,4900,4905,1074,4900,470,24,99880,GMT+8
ticks,1499778464381000000,i1709,4900,4905,1076,4900,478,0,99880,GMT+8
ticks,1499778464864000000,i1709,4900,4905,1076,4900,477,2,99882,GMT+8
ticks,1499778465365000000,i1709,4900,4905,1076,4900,472,10,99892,GMT+8
ticks,1499778465880000000,i1709,4900,4905,1080,4900,464,26,99918,GMT+8
ticks,1499778466374000000,i1709,4900,4905,1083,4900,514,2,99920,GMT+8
ticks,1499778466872000000,i1709,4900,4905,1121,4900,518,6,99926,GMT+8
ticks,1499778467287000000,i1709,4900,4905,1121,4900,512,32,99958,GMT+8
ticks,1499778467872000000,i1709,4900,4905,1122,4900,520,16,99974,GMT+8
ticks,1499778468373000000,i1709,4905,4905,1122,4900,520,8,99982,GMT+8
ticks,1499778468819000000,i1709,4900,4905,1123,4900,518,4,99986,GMT+8
ticks,1499778469275000000,i1709,4900,4905,1123,4900,516,4,99990,GMT+8
ticks,1499778469865000000,i1709,4900,4905,1123,4900,516,2,99992,GMT+8
ticks,1499778470331000000,i1709,4905,4905,1126,4900,516,2,99994,GMT+8
ticks,1499778470813000000,i1709,4900,4905,1127,4900,518,10,100004,GMT+8
ticks,1499778471317000000,i1709,4900,4905,1126,4900,516,6,100010,GMT+8
ticks,1499778471863000000,i1709,4900,4905,1126,4900,517,0,100010,GMT+8
ticks,1499778472299000000,i1709,4900,4905,1130,4900,510,14,100024,GMT+8
ticks,1499778472867000000,i1709,4900,4905,1138,4900,501,22,100046,GMT+8
ticks,1499778473379000000,i1709,4900,4905,1137,4900,492,26,100072,GMT+8
ticks,1499778473775000000,i1709,4900,4905,1137,4900,484,18,100090,GMT+8
ticks,1499778474383000000,i1709,4900,4905,1135,4900,487,6,100096,GMT+8
ticks,1499778474878000000,i1709,4900,4905,1137,4900,467,48,100144,GMT+8
ticks,1499778475350000000,i1709,4900,4905,1141,4900,467,0,100144,GMT+8
ticks,1499778475845000000,i1709,4900,4905,1131,4900,459,16,100160,GMT+8
ticks,1499778476347000000,i1709,4905,4905,1128,4900,446,34,100194,GMT+8
ticks,1499778476870000000,i1709,4900,4905,1128,4900,439,16,100210,GMT+8
ticks,1499778477309000000,i1709,4900,4905,1128,4900,430,20,100230,GMT+8
ticks,1499778477872000000,i1709,4905,4905,1127,4900,445,6,100236,GMT+8
ticks,1499778478366000000,i1709,4900,4905,1091,4900,455,66,100302,GMT+8
ticks,1499778478836000000,i1709,4900,4905,1090,4900,455,4,100306,GMT+8
ticks,1499778479207000000,i1709,4900,4905,1090,4900,454,2,100308,GMT+8
ticks,1499778479826000000,i1709,4900,4905,1092,4900,457,6,100314,GMT+8
ticks,1499778480346000000,i1709,4905,4905,1087,4900,458,10,100324,GMT+8
ticks,1499778480873000000,i1709,4905,4905,1083,4900,455,28,100352,GMT+8
ticks,1499778481306000000,i1709,4905,4905,1082,4900,446,22,100374,GMT+8
ticks,1499778481886000000,i1709,4900,4905,1091,4900,445,2,100376,GMT+8
ticks,1499778482305000000,i1709,4900,4905,1081,4900,531,36,100412,GMT+8
ticks,1499778482721000000,i1709,4905,4905,1040,4900,531,102,100514,GMT+8
ticks,1499778483357000000,i1709,4900,4905,1039,4900,537,12,100526,GMT+8
ticks,1499778483761000000,i1709,4900,4905,1044,4900,540,0,100526,GMT+8
ticks,1499778484387000000,i1709,4905,4905,1042,4900,537,20,100546,GMT+8
ticks,1499778484865000000,i1709,4905,4905,791,4900,690,524,101070,GMT+8
ticks,1499778485178000000,i1709,4905,4905,789,4900,690,2,101072,GMT+8
ticks,1499778485813000000,i1709,4900,4905,790,4900,692,4,101076,GMT+8
ticks,1499778486350000000,i1709,4900,4905,791,4900,741,0,101076,GMT+8
ticks,1499778486877000000,i1709,4900,4905,790,4900,746,0,101076,GMT+8
ticks,1499778487336000000,i1709,4900,4905,791,4900,749,0,101076,GMT+8
ticks,1499778487815000000,i1709,4900,4905,792,4900,748,2,101078,GMT+8
ticks,1499778488312000000,i1709,4905,4905,790,4900,753,4,101082,GMT+8
ticks,1499778488864000000,i1709,4900,4905,790,4900,750,6,101088,GMT+8
ticks,1499778489278000000,i1709,4900,4905,792,4900,750,2,101090,GMT+8
ticks,1499778489802000000,i1709,4905,4905,942,4900,745,20,101110,GMT+8
ticks,1499778490281000000,i1709,4905,4905,941,4900,746,4,101114,GMT+8
ticks,1499778490879000000,i1709,4905,4905,939,4900,745,6,101120,GMT+8
ticks,1499778491383000000,i1709,4900,4905,938,4900,745,4,101124,GMT+8
ticks,1499778491610000000,i1709,4900,4905,953,4900,743,4,101128,GMT+8
ticks,1499778492370000000,i1709,4900,4905,953,4900,744,0,101128,GMT+8
ticks,1499778492734000000,i1709,4900,4905,977,4900,746,0,101128,GMT+8
ticks,1499778493377000000,i1709,4905,4905,976,4900,750,2,101130,GMT+8
ticks,1499778493813000000,i1709,4905,4905,976,4900,750,4,101134,GMT+8
ticks,1499778494359000000,i1709,4900,4905,1040,4900,751,6,101140,GMT+8
ticks,1499778494867000000,i1709,4900,4905,1035,4900,748,20,101160,GMT+8
ticks,1499778495361000000,i1709,4905,4905,1030,4900,743,20,101180,GMT+8
ticks,1499778495808000000,i1709,4905,4905,979,4900,741,104,101284,GMT+8
ticks,1499778496305000000,i1709,4905,4905,979,4900,718,24,101308,GMT+8
ticks,1499778496872000000,i1709,4900,4905,977,4900,708,24,101332,GMT+8
ticks,1499778497301000000,i1709,4900,4905,977,4900,698,20,101352,GMT+8
ticks,1499778497864000000,i1709,4905,4905,977,4900,692,16,101368,GMT+8
ticks,1499778498298000000,i1709,4900,4905,982,4900,681,22,101390,GMT+8
ticks,1499778498817000000,i1709,4905,4905,983,4900,684,4,101394,GMT+8
ticks,1499778499104000000,i1709,4905,4905,981,4900,684,4,101398,GMT+8
ticks,1499778499845000000,i1709,4905,4905,1028,4900,684,2,101400,GMT+8
ticks,1499778500317000000,i1709,4900,4905,1027,4900,699,8,101408,GMT+8
ticks,1499778500842000000,i1709,4900,4905,1028,4900,716,0,101408,GMT+8
ticks,1499778501354000000,i1709,4905,4905,979,4900,710,10,101418,GMT+8
ticks,1499778501851000000,i1709,4905,4905,971,4900,662,14,101432,GMT+8
ticks,1499778502334000000,i1709,4900,4905,971,4900,660,4,101436,GMT+8
ticks,1499778502676000000,i1709,4900,4905,970,4900,659,6,101442,GMT+8
ticks,1499778503386000000,i1709,4905,4905,971,4900,658,8,101450,GMT+8
ticks,1499778503872000000,i1709,4905,4905,968,4900,659,6,101456,GMT+8
ticks,1499778504331000000,i1709,4905,4905,975,4900,660,0,101456,GMT+8
ticks,1499778504675000000,i1709,4905,4905,966,4900,661,20,101476,GMT+8
ticks,1499778505223000000,i1709,4905,4905,966,4900,662,0,101476,GMT+8
ticks,1499778505877000000,i1709,4905,4905,1098,4900,663,2,101478,GMT+8
ticks,1499778506318000000,i1709,4900,4905,1099,4900,661,2,101480,GMT+8
ticks,1499778506850000000,i1709,4900,4905,1100,4900,667,0,101480,GMT+8
ticks,1499778507373000000,i1709,4900,4905,1104,4900,672,0,101480,GMT+8
ticks,1499778507804000000,i1709,4900,4905,1111,4900,672,0,101480,GMT+8
ticks,1499778508369000000,i1709,4900,4905,1063,4900,612,22,101502,GMT+8
ticks,1499778508764000000,i1709,4905,4905,1078,4900,613,2,101504,GMT+8
ticks,1499778509373000000,i1709,4900,4905,1090,4900,408,100,101604,GMT+8
ticks,1499778509832000000,i1709,4900,4905,1089,4900,90,638,102242,GMT+8
ticks,1499778510354000000,i1709,4900,4900,402,4895,1560,188,102430,GMT+8
ticks,1499778510856000000,i1709,4900,4900,531,4895,1551,6,102436,GMT+8
ticks,1499778511355000000,i1709,4900,4900,533,4895,1551,2,102438,GMT+8
ticks,1499778511778000000,i1709,4900,4900,531,4895,1551,6,102444,GMT+8
ticks,1499778512356000000,i1709,4900,4900,540,4895,1598,2,102446,GMT+8
ticks,1499778512706000000,i1709,4900,4900,544,4895,1598,0,102446,GMT+8
ticks,1499778513377000000,i1709,4900,4900,534,4895,1587,24,102470,GMT+8
ticks,1499778513758000000,i1709,4900,4900,532,4895,1577,4,102474,GMT+8
ticks,1499778514364000000,i1709,4900,4900,520,4895,1552,24,102498,GMT+8
ticks,1499778514872000000,i1709,4900,4900,539,4895,1548,6,102504,GMT+8
ticks,1499778515331000000,i1709,4895,4900,541,4895,1546,20,102524,GMT+8
ticks,1499778515842000000,i1709,4900,4900,529,4895,1544,32,102556,GMT+8
ticks,1499778516309000000,i1709,4900,4900,524,4895,1552,0,102556,GMT+8
ticks,1499778516875000000,i1709,4900,4900,522,4895,1533,10,102566,GMT+8
ticks,1499778517339000000,i1709,4895,4900,533,4895,1522,4,102570,GMT+8
ticks,1499778517874000000,i1709,4895,4900,538,4895,1523,2,102572,GMT+8
ticks,1499778518324000000,i1709,4900,4900,574,4895,1518,6,102578,GMT+8
ticks,1499778518874000000,i1709,4895,4900,574,4895,1515,4,102582,GMT+8
ticks,1499778519315000000,i1709,4900,4900,574,4895,1513,4,102586,GMT+8
ticks,1499778519880000000,i1709,4900,4900,572,4895,1507,10,102596,GMT+8
ticks,1499778520380000000,i1709,4895,4900,577,4895,1506,18,102614,GMT+8
ticks,1499778520796000000,i1709,4900,4900,577,4895,1505,4,102618,GMT+8
ticks,1499778521342000000,i1709,4900,4900,575,4895,1505,64,102682,GMT+8
ticks,1499778521880000000,i1709,4895,4900,575,4895,1499,12,102694,GMT+8
ticks,1499778522336000000,i1709,4900,4900,574,4895,1492,2,102696,GMT+8
ticks,1499778522881000000,i1709,4895,4900,581,4895,1491,2,102698,GMT+8
ticks,1499778523301000000,i1709,4900,4900,574,4895,1689,28,102726,GMT+8
ticks,1499778523851000000,i1709,4895,4900,571,4895,1682,28,102754,GMT+8
ticks,1499778524385000000,i1709,4900,4900,595,4895,1683,40,102794,GMT+8
ticks,1499778524813000000,i1709,4895,4900,596,4895,1679,10,102804,GMT+8
ticks,1499778525320000000,i1709,4900,4900,716,4895,1693,4,102808,GMT+8
ticks,1499778525843000000,i1709,4900,4900,709,4895,1693,20,102828,GMT+8
ticks,1499778526345000000,i1709,4895,4900,716,4895,1691,2,102830,GMT+8
ticks,1499778526871000000,i1709,4895,4900,720,4895,1691,0,102830,GMT+8
ticks,1499778527375000000,i1709,4900,4900,710,4895,1643,20,102850,GMT+8
ticks,1499778527887000000,i1709,4900,4900,678,4895,1642,72,102922,GMT+8
ticks,1499778528387000000,i1709,4900,4900,689,4895,1640,2,102924,GMT+8
ticks,1499778528881000000,i1709,4900,4900,691,4895,1639,0,102924,GMT+8
ticks,1499778529268000000,i1709,4895,4900,693,4895,1641,6,102930,GMT+8
ticks,1499778529837000000,i1709,4900,4900,690,4895,1625,76,103006,GMT+8
ticks,1499778530368000000,i1709,4900,4900,991,4895,1626,6,103012,GMT+8
ticks,1499778530867000000,i1709,4900,4900,986,4895,1625,14,103026,GMT+8
ticks,1499778531332000000,i1709,4895,4900,997,4895,1622,54,103080,GMT+8
ticks,1499778531877000000,i1709,4895,4900,999,4895,1616,10,103090,GMT+8
ticks,1499778532315000000,i1709,4900,4905,1356,4900,340,2002,105092,GMT+8
ticks,1499778532840000000,i1709,4905,4905,1357,4900,438,14,105106,GMT+8
ticks,1499778533356000000,i1709,4900,4905,1356,4900,485,82,105188,GMT+8
ticks,1499778533849000000,i1709,4900,4905,1407,4900,449,124,105312,GMT+8
ticks,1499778534381000000,i1709,4900,4905,1410,4900,436,26,105338,GMT+8
ticks,1499778534813000000,i1709,4900,4905,1410,4900,449,24,105362,GMT+8
ticks,1499778535289000000,i1709,4900,4905,1425,4900,448,2,105364,GMT+8
ticks,1499778535801000000,i1709,4905,4905,1424,4900,507,6,105370,GMT+8
ticks,1499778536344000000,i1709,4900,4905,1425,4900,511,12,105382,GMT+8
ticks,1499778536801000000,i1709,4900,4905,1425,4900,506,36,105418,GMT+8
ticks,1499778537349000000,i1709,4900,4905,1422,4900,507,2,105420,GMT+8
ticks,1499778537867000000,i1709,4900,4905,1352,4900,488,46,105466,GMT+8
ticks,1499778538344000000,i1709,4900,4905,1342,4900,185,632,106098,GMT+8
ticks,1499778538840000000,i1709,4900,4905,1342,4900,170,30,106128,GMT+8
ticks,1499778539386000000,i1709,4900,4905,1342,4900,181,0,106128,GMT+8
ticks,1499778539873000000,i1709,4900,4905,1344,4900,220,26,106154,GMT+8
ticks,1499778540371000000,i1709,4905,4905,1343,4900,267,8,106162,GMT+8
ticks,1499778540816000000,i1709,4900,4905,1362,4900,301,20,106182,GMT+8
ticks,1499778541309000000,i1709,4900,4905,1362,4900,390,28,106210,GMT+8
ticks,1499778541850000000,i1709,4900,4905,1362,4900,425,2,106212,GMT+8
ticks,1499778542360000000,i1709,4900,4905,1364,4900,517,4,106216,GMT+8
ticks,1499778542808000000,i1709,4900,4905,1370,4900,512,16,106232,GMT+8
ticks,1499778543382000000,i1709,4900,4905,1310,4900,500,2,106234,GMT+8
ticks,1499778543856000000,i1709,4900,4905,1311,4900,463,2,106236,GMT+8
ticks,1499778544381000000,i1709,4900,4905,1313,4900,446,34,106270,GMT+8
ticks,1499778544858000000,i1709,4900,4905,1313,4900,445,4,106274,GMT+8
ticks,1499778545316000000,i1709,4900,4905,1316,4900,455,0,106274,GMT+8
ticks,1499778545885000000,i1709,4900,4905,1318,4900,445,20,106294,GMT+8
ticks,1499778546275000000,i1709,4900,4905,1325,4900,443,6,106300,GMT+8
ticks,1499778546869000000,i1709,4900,4905,1327,4900,453,0,106300,GMT+8
ticks,1499778547382000000,i1709,4900,4905,1328,4900,420,66,106366,GMT+8
ticks,1499778547880000000,i1709,4905,4905,1348,4900,420,10,106376,GMT+8
ticks,1499778548363000000,i1709,4900,4905,1343,4900,423,12,106388,GMT+8
ticks,1499778548873000000,i1709,4900,4905,1341,4900,425,0,106388,GMT+8
ticks,1499778549349000000,i1709,4900,4905,1341,4900,433,8,106396,GMT+8
ticks,1499778549857000000,i1709,4900,4905,1338,4900,433,18,106414,GMT+8
ticks,1499778550351000000,i1709,4900,4905,1350,4900,434,4,106418,GMT+8
ticks,1499778550751000000,i1709,4900,4905,1363,4900,433,2,106420,GMT+8
ticks,1499778551255000000,i1709,4905,4905,1337,4900,454,12,106432,GMT+8
ticks,1499778551806000000,i1709,4905,4905,1337,4900,367,2,106434,GMT+8
ticks,1499778552272000000,i1709,4905,4905,1337,4900,367,2,106436,GMT+8
ticks,1499778552812000000,i1709,4900,4905,1337,4900,380,16,106452,GMT+8
ticks,1499778553375000000,i1709,4900,4905,1331,4900,377,12,106464,GMT+8
ticks,1499778553817000000,i1709,4900,4905,1332,4900,373,8,106472,GMT+8
ticks,1499778554371000000,i1709,4900,4905,1333,4900,372,2,106474,GMT+8
ticks,1499778554875000000,i1709,4900,4905,1334,4900,465,2,106476,GMT+8
ticks,1499778555267000000,i1709,4900,4905,1331,4900,472,32,106508,GMT+8
ticks,1499778555883000000,i1709,4905,4905,1330,4900,471,12,106520,GMT+8
ticks,1499778556260000000,i1709,4900,4905,1330,4900,475,8,106528,GMT+8
ticks,1499778556860000000,i1709,4900,4905,1326,4900,489,12,106540,GMT+8
ticks,1499778557314000000,i1709,4900,4905,1322,4900,488,14,106554,GMT+8
ticks,1499778557582000000,i1709,4900,4905,1322,4900,487,2,106556,GMT+8
ticks,1499778558289000000,i1709,4900,4905,1322,4900,484,2,106558,GMT+8
ticks,1499778558856000000,i1709,4905,4905,1319,4900,490,8,106566,GMT+8
ticks,1499778559312000000,i1709,4905,4905,1310,4900,487,26,106592,GMT+8
ticks,1499778559828000000,i1709,4900,4905,1313,4900,481,14,106606,GMT+8
ticks,1499778560141000000,i1709,4900,4905,1313,4900,483,0,106606,GMT+8
ticks,1499778560836000000,i1709,4900,4905,1263,4900,484,8,106614,GMT+8
ticks,1499778561355000000,i1709,4900,4905,1257,4900,470,30,106644,GMT+8
ticks,1499778561821000000,i1709,4900,4905,1259,4900,473,2,106646,GMT+8
ticks,1499778562276000000,i1709,4900,4905,1258,4900,465,22,106668,GMT+8
ticks,1499778562802000000,i1709,4900,4905,1259,4900,505,0,106668,GMT+8
ticks,1499778563204000000,i1709,4900,4905,1260,4900,506,0,106668,GMT+8
ticks,1499778563886000000,i1709,4905,4905,1250,4900,655,22,106690,GMT+8
ticks,1499778564331000000,i1709,4905,4905,1249,4900,655,2,106692,GMT+8
ticks,1499778564841000000,i1709,4905,4905,1249,4900,657,0,106692,GMT+8
ticks,1499778565322000000,i1709,4900,4905,1254,4900,655,8,106700,GMT+8
ticks,1499778565829000000,i1709,4900,4905,1259,4900,655,0,106700,GMT+8
ticks,1499778566387000000,i1709,4905,4905,1253,4900,659,12,106712,GMT+8
ticks,1499778566882000000,i1709,4900,4905,1239,4900,671,2,106714,GMT+8
ticks,1499778567368000000,i1709,4900,4905,1240,4900,669,4,106718,GMT+8
ticks,1499778567883000000,i1709,4900,4905,1240,4900,661,20,106738,GMT+8
ticks,1499778568235000000,i1709,4900,4905,1240,4900,685,0,106738,GMT+8
ticks,1499778568884000000,i1709,4900,4905,1239,4900,683,4,106742,GMT+8
ticks,1499778569388000000,i1709,4905,4905,1242,4900,704,14,106756,GMT+8
ticks,1499778569801000000,i1709,4900,4905,1248,4900,704,2,106758,GMT+8
ticks,1499778570377000000,i1709,4905,4905,1239,4900,705,4,106762,GMT+8
ticks,1499778570875000000,i1709,4900,4905,1239,4900,755,2,106764,GMT+8
ticks,1499778571370000000,i1709,4905,4905,1228,4900,724,92,106856,GMT+8
ticks,1499778571866000000,i1709,4905,4905,1231,4900,724,0,106856,GMT+8
ticks,1499778572284000000,i1709,4905,4905,1230,4900,726,2,106858,GMT+8
ticks,1499778572877000000,i1709,4900,4905,1230,4900,729,2,106860,GMT+8
ticks,1499778573313000000,i1709,4905,4905,1229,4900,728,4,106864,GMT+8
ticks,1499778573857000000,i1709,4905,4905,2425,4900,630,4,106868,GMT+8
ticks,1499778574280000000,i1709,4905,4905,2425,4900,610,2,106870,GMT+8
ticks,1499778574673000000,i1709,4900,4905,2426,4900,613,2,106872,GMT+8
ticks,1499778575318000000,i1709,4900,4905,1231,4900,763,0,106872,GMT+8
ticks,1499778575859000000,i1709,4900,4905,1256,4900,721,12,106884,GMT+8
ticks,1499778576240000000,i1709,4900,4905,1256,4900,722,0,106884,GMT+8
ticks,1499778576875000000,i1709,4900,4905,1266,4900,722,0,106884,GMT+8
ticks,1499778577380000000,i1709,4900,4905,1267,4900,720,0,106884,GMT+8
ticks,1499778577856000000,i1709,4905,4905,1266,4900,723,2,106886,GMT+8
ticks,1499778578383000000,i1709,4900,4905,1276,4900,735,4,106890,GMT+8
ticks,1499778578824000000,i1709,4905,4905,1276,4900,751,4,106894,GMT+8
ticks,1499778579375000000,i1709,4900,4905,1277,4900,750,6,106900,GMT+8
ticks,1499778579788000000,i1709,4900,4905,1276,4900,751,0,106900,GMT+8
ticks,1499778580363000000,i1709,4900,4905,1271,4900,752,18,106918,GMT+8
ticks,1499778580818000000,i1709,4900,4905,1271,4900,746,20,106938,GMT+8
ticks,1499778581333000000,i1709,4900,4905,1271,4900,745,2,106940,GMT+8
ticks,1499778581738000000,i1709,4905,4905,1263,4900,750,30,106970,GMT+8
ticks,1499778582366000000,i1709,4900,4905,1283,4900,700,100,107070,GMT+8
ticks,1499778582875000000,i1709,4900,4905,1283,4900,699,2,107072,GMT+8
ticks,1499778583311000000,i1709,4900,4905,1286,4900,704,0,107072,GMT+8
ticks,1499778583848000000,i1709,4900,4905,1286,4900,616,178,107250,GMT+8
ticks,1499778584352000000,i1709,4905,4905,1262,4900,608,48,107298,GMT+8
ticks,1499778584882000000,i1709,4905,4905,1243,4900,349,558,107856,GMT+8
ticks,1499778585284000000,i1709,4905,4905,1293,4900,349,0,107856,GMT+8
ticks,1499778585879000000,i1709,4900,4905,1290,4900,308,96,107952,GMT+8
ticks,1499778586126000000,i1709,4905,4905,1286,4900,307,4,107956,GMT+8
ticks,1499778586863000000,i1709,4900,4905,1261,4900,277,64,108020,GMT+8
ticks,1499778587371000000,i1709,4900,4905,1261,4900,258,38,108058,GMT+8
ticks,1499778587826000000,i1709,4900,4905,1232,4900,251,78,108136,GMT+8
ticks,1499778588319000000,i1709,4900,4905,1227,4900,250,2,108138,GMT+8
ticks,1499778588877000000,i1709,4905,4905,1226,4900,228,48,108186,GMT+8
ticks,1499778589374000000,i1709,4900,4905,1227,4900,221,88,108274,GMT+8
ticks,1499778589835000000,i1709,4900,4905,1227,4900,218,6,108280,GMT+8
ticks,1499778590369000000,i1709,4900,4905,1228,4900,208,20,108300,GMT+8
ticks,1499778590880000000,i1709,4900,4905,1226,4900,215,10,108310,GMT+8
ticks,1499778591383000000,i1709,4900,4905,1226,4900,401,28,108338,GMT+8
ticks,1499778591815000000,i1709,4900,4905,1225,4900,399,6,108344,GMT+8
ticks,1499778592374000000,i1709,4900,4905,1224,4900,394,12,108356,GMT+8
ticks,1499778592775000000,i1709,4900,4905,1224,4900,394,4,108360,GMT+8
ticks,1499778593348000000,i1709,4900,4900,66,4895,1559,1050,109410,GMT+8
ticks,1499778593877000000,i1709,4905,4905,1264,4900,62,142,109552,GMT+8
ticks,1499778594341000000,i1709,4900,4905,1262,4900,52,26,109578,GMT+8
ticks,1499778594886000000,i1709,4900,4905,1224,4900,313,42,109620,GMT+8
ticks,1499778595369000000,i1709,4900,4905,1224,4900,322,8,109628,GMT+8
ticks,1499778595840000000,i1709,4900,4905,1218,4900,338,22,109650,GMT+8
ticks,1499778596332000000,i1709,4900,4905,1222,4900,370,14,109664,GMT+8
ticks,1499778596804000000,i1709,4905,4905,1212,4900,458,26,109690,GMT+8
ticks,1499778598387000000,i1709,4900,4905,1211,4900,260,400,110090,GMT+8
ticks,1499778598659000000,i1709,4900,4905,1211,4900,217,88,110178,GMT+8
ticks,1499778599380000000,i1709,4900,4905,1211,4900,197,42,110220,GMT+8
ticks,1499778599813000000,i1709,4900,4900,352,4895,1578,406,110626,GMT+8
ticks,1499778600229000000,i1709,4895,4900,440,4895,1579,10,110636,GMT+8
ticks,1499778600869000000,i1709,4900,4900,497,4895,1565,12,110648,GMT+8
ticks,1499778601370000000,i1709,4895,4900,529,4895,1563,4,110652,GMT+8
ticks,1499778601818000000,i1709,4900,4900,493,4895,1562,104,110756,GMT+8
ticks,1499778602268000000,i1709,4900,4900,492,4895,1562,8,110764,GMT+8
ticks,1499778602881000000,i1709,4900,4900,434,4895,1562,10,110774,GMT+8
ticks,1499778603364000000,i1709,4900,4900,424,4895,1572,8,110782,GMT+8
ticks,1499778603874000000,i1709,4900,4900,417,4895,1569,20,110802,GMT+8
ticks,1499778604348000000,i1709,4900,4900,412,4895,1569,2,110804,GMT+8
ticks,1499778604861000000,i1709,4900,4900,416,4895,1583,2,110806,GMT+8
ticks,1499778605372000000,i1709,4900,4900,414,4895,1306,8,110814,GMT+8
ticks,1499778605879000000,i1709,4900,4900,377,4895,1306,12,110826,GMT+8
ticks,1499778606379000000,i1709,4900,4900,268,4895,1305,236,111062,GMT+8
ticks,1499778606838000000,i1709,4895,4900,268,4895,1303,6,111068,GMT+8
ticks,1499778607335000000,i1709,4900,4905,1266,4900,462,520,111588,GMT+8
ticks,1499778607785000000,i1709,4900,4905,1268,4900,462,8,111596,GMT+8
ticks,1499778608344000000,i1709,4900,4905,1268,4900,770,10,111606,GMT+8
ticks,1499778608666000000,i1709,4900,4905,1218,4900,769,2,111608,GMT+8
ticks,1499778609316000000,i1709,4905,4905,1183,4900,583,98,111706,GMT+8
ticks,1499778609803000000,i1709,4900,4905,1213,4900,480,208,111914,GMT+8
ticks,1499778610322000000,i1709,4900,4905,1224,4900,520,20,111934,GMT+8
ticks,1499778610836000000,i1709,4905,4905,1191,4900,500,114,112048,GMT+8
ticks,1499778611345000000,i1709,4900,4905,1290,4900,490,54,112102,GMT+8
ticks,1499778611875000000,i1709,4905,4905,1291,4900,520,22,112124,GMT+8
ticks,1499778612364000000,i1709,4905,4905,1288,4900,560,0,112124,GMT+8
ticks,1499778612687000000,i1709,4905,4905,1294,4900,558,6,112130,GMT+8
ticks,1499778613343000000,i1709,4905,4905,1293,4900,563,0,112130,GMT+8
ticks,1499778613765000000,i1709,4900,4905,1293,4900,550,42,112172,GMT+8
ticks,1499778614362000000,i1709,4900,4905,1297,4900,581,4,112176,GMT+8
ticks,1499778614872000000,i1709,4900,4905,1297,4900,580,4,112180,GMT+8
ticks,1499778615363000000,i1709,4900,4905,1307,4900,580,0,112180,GMT+8
ticks,1499778615802000000,i1709,4905,4905,1305,4900,585,8,112188,GMT+8
ticks,1499778616318000000,i1709,4905,4905,1308,4900,586,0,112188,GMT+8
ticks,1499778616879000000,i1709,4900,4905,1311,4900,594,2,112190,GMT+8
ticks,1499778617378000000,i1709,4900,4905,1312,4900,657,2,112192,GMT+8
ticks,1499778617731000000,i1709,4900,4905,1312,4900,656,2,112194,GMT+8
ticks,1499778618369000000,i1709,4905,4905,1282,4900,675,50,112244,GMT+8
ticks,1499778618880000000,i1709,4905,4905,1183,4900,712,2,112246,GMT+8
ticks,1499778619362000000,i1709,4905,4905,1182,4900,867,2,112248,GMT+8
ticks,1499778619876000000,i1709,4905,4905,1163,4900,857,66,112314,GMT+8
ticks,1499778620376000000,i1709,4905,4905,1171,4900,868,40,112354,GMT+8
ticks,1499778620873000000,i1709,4905,4905,1171,4900,874,0,112354,GMT+8
ticks,1499778621768000000,i1709,4900,4905,1172,4900,873,6,112360,GMT+8
ticks,1499778622361000000,i1709,4900,4905,1172,4900,895,2,112362,GMT+8
ticks,1499778622883000000,i1709,4905,4905,1172,4900,895,2,112364,GMT+8
ticks,1499778623301000000,i1709,4905,4905,1170,4900,1096,6,112370,GMT+8
ticks,1499778623864000000,i1709,4900,4905,1172,4900,1097,2,112372,GMT+8
ticks,1499778624333000000,i1709,4905,4905,1175,4900,1097,2,112374,GMT+8
ticks,1499778624735000000,i1709,4905,4905,1172,4900,1095,8,112382,GMT+8
ticks,1499778625376000000,i1709,4900,4905,1172,4900,1097,2,112384,GMT+8
ticks,1499778625856000000,i1709,4905,4905,1172,4900,1099,4,112388,GMT+8
ticks,1499778626385000000,i1709,4905,4905,1173,4900,1195,0,112388,GMT+8
ticks,1499778626795000000,i1709,4905,4905,1171,4900,1198,2,112390,GMT+8
ticks,1499778627263000000,i1709,4905,4905,1171,4900,1201,0,112390,GMT+8
ticks,1499778627699000000,i1709,4905,4905,1165,4900,1204,10,112400,GMT+8
ticks,1499778628365000000,i1709,4905,4905,1164,4900,1206,2,112402,GMT+8
ticks,1499778628885000000,i1709,4900,4905,1153,4900,1208,26,112428,GMT+8
ticks,1499778629382000000,i1709,4900,4905,1176,4900,1196,28,112456,GMT+8
ticks,1499778629862000000,i1709,4905,4905,1153,4900,1197,46,112502,GMT+8
ticks,1499778630366000000,i1709,4905,4905,1129,4900,1200,50,112552,GMT+8
ticks,1499778630888000000,i1709,4900,4905,1131,4900,1203,6,112558,GMT+8
ticks,1499778631328000000,i1709,4900,4905,1130,4900,1103,200,112758,GMT+8
ticks,1499778631859000000,i1709,4905,4905,1126,4900,1094,24,112782,GMT+8
ticks,1499778632349000000,i1709,4900,4905,1123,4900,1093,8,112790,GMT+8
ticks,1499778632886000000,i1709,4905,4905,1120,4900,1098,8,112798,GMT+8
ticks,1499778633349000000,i1709,4905,4905,1097,4900,899,46,112844,GMT+8
ticks,1499778633826000000,i1709,4905,4905,1094,4900,896,14,112858,GMT+8
ticks,1499778634333000000,i1709,4905,4905,1092,4900,895,8,112866,GMT+8
ticks,1499778634831000000,i1709,4905,4905,1093,4900,906,0,112866,GMT+8
ticks,1499778635365000000,i1709,4900,4905,1092,4900,905,6,112872,GMT+8
ticks,1499778635872000000,i1709,4900,4905,1091,4900,904,16,112888,GMT+8
ticks,1499778636367000000,i1709,4900,4905,1092,4900,907,4,112892,GMT+8
ticks,1499778636869000000,i1709,4900,4905,1082,4900,1207,32,112924,GMT+8
ticks,1499778637302000000,i1709,4905,4905,1072,4900,1209,22,112946,GMT+8
ticks,1499778637879000000,i1709,4905,4905,1070,4900,1159,6,112952,GMT+8
ticks,1499778638379000000,i1709,4905,4905,1068,4900,1160,2,112954,GMT+8
ticks,1499778638867000000,i1709,4905,4905,1066,4900,1161,4,112958,GMT+8
ticks,1499778639149000000,i1709,4905,4905,1065,4900,1161,2,112960,GMT+8
ticks,1499778639868000000,i1709,4905,4905,1050,4900,1142,8,112968,GMT+8
ticks,1499778640287000000,i1709,4900,4905,1030,4900,1142,42,113010,GMT+8
ticks,1499778640872000000,i1709,4900,4905,1026,4900,1161,0,113010,GMT+8
ticks,1499778641366000000,i1709,4900,4900,260,4895,1634,2342,115352,GMT+8
ticks,1499778641810000000,i1709,4900,4900,217,4895,1612,114,115466,GMT+8
ticks,1499778642366000000,i1709,4900,4900,253,4895,1591,2,115468,GMT+8
ticks,1499778642860000000,i1709,4895,4900,252,4895,1587,34,115502,GMT+8
ticks,1499778643368000000,i1709,4900,4900,218,4895,1587,54,115556,GMT+8
ticks,1499778643798000000,i1709,4900,4900,200,4895,1586,38,115594,GMT+8
ticks,1499778644384000000,i1709,4900,4905,1252,4900,399,384,115978,GMT+8
ticks,1499778644884000000,i1709,4900,4905,1269,4900,404,16,115994,GMT+8
ticks,1499778645315000000,i1709,4900,4905,1269,4900,423,0,115994,GMT+8
ticks,1499778645848000000,i1709,4900,4905,1269,4900,422,6,116000,GMT+8
ticks,1499778646379000000,i1709,4900,4905,1269,4900,424,2,116002,GMT+8
ticks,1499778646884000000,i1709,4900,4905,1282,4900,416,22,116024,GMT+8
ticks,1499778647305000000,i1709,4900,4905,1292,4900,413,10,116034,GMT+8
ticks,1499778647820000000,i1709,4900,4905,1292,4900,412,4,116038,GMT+8
ticks,1499778648304000000,i1709,4900,4905,1292,4900,230,0,116038,GMT+8
ticks,1499778648698000000,i1709,4900,4905,1296,4900,219,0,116038,GMT+8
ticks,1499778649378000000,i1709,4900,4905,1296,4900,219,2,116040,GMT+8
ticks,1499778649802000000,i1709,4905,4905,1294,4900,219,2,116042,GMT+8
ticks,1499778650375000000,i1709,4900,4905,1386,4900,214,34,116076,GMT+8
ticks,1499778650875000000,i1709,4905,4905,1384,4900,264,2,116078,GMT+8
ticks,1499778651387000000,i1709,4900,4905,1392,4900,140,290,116368,GMT+8
ticks,1499778651876000000,i1709,4900,4905,1393,4900,138,4,116372,GMT+8
ticks,1499778652360000000,i1709,4900,4905,1393,4900,136,6,116378,GMT+8
ticks,1499778652889000000,i1709,4900,4905,1394,4900,134,4,116382,GMT+8
ticks,1499778653282000000,i1709,4900,4905,1403,4900,134,0,116382,GMT+8
ticks,1499778653865000000,i1709,4900,4905,1412,4900,132,4,116386,GMT+8
ticks,1499778654304000000,i1709,4900,4905,1412,4900,128,10,116396,GMT+8
ticks,1499778654880000000,i1709,4900,4905,1413,4900,115,34,116430,GMT+8
ticks,1499778655323000000,i1709,4900,4905,1424,4900,115,2,116432,GMT+8
ticks,1499778655811000000,i1709,4900,4905,1423,4900,113,6,116438,GMT+8
ticks,1499778656358000000,i1709,4900,4905,1441,4900,134,0,116438,GMT+8
ticks,1499778656802000000,i1709,4900,4905,1438,4900,136,84,116522,GMT+8
ticks,1499778657270000000,i1709,4900,4905,1429,4900,138,28,116550,GMT+8
ticks,1499778657845000000,i1709,4900,4905,1430,4900,126,28,116578,GMT+8
ticks,1499778658323000000,i1709,4900,4905,1423,4900,127,12,116590,GMT+8
ticks,1499778658591000000,i1709,4900,4905,1423,4900,131,2,116592,GMT+8
ticks,1499778659376000000,i1709,4900,4905,1424,4900,176,2,116594,GMT+8
ticks,1499778659886000000,i1709,4900,4905,1439,4900,169,16,116610,GMT+8
ticks,1499778660296000000,i1709,4900,4905,1439,4900,205,34,116644,GMT+8
ticks,1499778660881000000,i1709,4900,4905,1439,4900,456,2,116646,GMT+8
ticks,1499778661284000000,i1709,4900,4905,1437,4900,455,4,116650,GMT+8
ticks,1499778661869000000,i1709,4905,4905,1452,4900,465,16,116666,GMT+8
ticks,1499778662308000000,i1709,4905,4905,1403,4900,471,0,116666,GMT+8
ticks,1499778662886000000,i1709,4905,4905,1401,4900,568,20,116686,GMT+8
ticks,1499778663330000000,i1709,4900,4905,1401,4900,567,4,116690,GMT+8
ticks,1499778663865000000,i1709,4900,4905,1407,4900,569,2,116692,GMT+8
ticks,1499778664357000000,i1709,4905,4905,1416,4900,569,2,116694,GMT+8
ticks,1499778664813000000,i1709,4900,4905,1435,4900,569,30,116724,GMT+8
ticks,1499778665380000000,i1709,4905,4905,1422,4900,570,6,116730,GMT+8
ticks,1499778665820000000,i1709,4900,4905,1421,4900,591,2,116732,GMT+8
ticks,1499778666274000000,i1709,4900,4905,1422,4900,594,0,116732,GMT+8
ticks,1499778666850000000,i1709,4900,4905,1422,4900,612,2,116734,GMT+8
ticks,1499778667198000000,i1709,4900,4905,1422,4900,614,4,116738,GMT+8
ticks,1499778667877000000,i1709,4900,4905,1425,4900,673,2,116740,GMT+8
ticks,1499778668338000000,i1709,4900,4905,1434,4900,691,0,116740,GMT+8
ticks,1499778668850000000,i1709,4905,4905,1433,4900,695,6,116746,GMT+8
ticks,1499778669256000000,i1709,4905,4905,1432,4900,695,2,116748,GMT+8
ticks,1499778669857000000,i1709,4905,4905,1431,4900,697,2,116750,GMT+8
ticks,1499778670308000000,i1709,4905,4905,1422,4900,663,18,116768,GMT+8
ticks,1499778670884000000,i1709,4900,4905,1425,4900,668,2,116770,GMT+8
ticks,1499778671359000000,i1709,4900,4905,1422,4900,674,10,116780,GMT+8
ticks,1499778671757000000,i1709,4900,4905,1422,4900,671,0,116780,GMT+8
ticks,1499778672342000000,i1709,4900,4905,1394,4900,650,120,116900,GMT+8
ticks,1499778672803000000,i1709,4905,4905,1390,4900,646,10,116910,GMT+8
ticks,1499778673358000000,i1709,4900,4905,1388,4900,634,32,116942,GMT+8
ticks,1499778673811000000,i1709,4900,4905,1393,4900,633,2,116944,GMT+8
ticks,1499778674318000000,i1709,4900,4905,1394,4900,636,0,116944,GMT+8
ticks,1499778674870000000,i1709,4900,4905,1395,4900,619,46,116990,GMT+8
ticks,1499778675339000000,i1709,4900,4905,1395,4900,604,30,117020,GMT+8
ticks,1499778675725000000,i1709,4905,4905,1135,4900,603,520,117540,GMT+8
ticks,1499778676309000000,i1709,4905,4905,1135,4900,607,0,117540,GMT+8
ticks,1499778676829000000,i1709,4900,4905,1098,4900,630,2,117542,GMT+8
ticks,1499778677314000000,i1709,4905,4905,1098,4900,630,2,117544,GMT+8
ticks,1499778677806000000,i1709,4905,4905,1098,4900,837,0,117544,GMT+8
ticks,1499778678382000000,i1709,4900,4905,1097,4900,836,4,117548,GMT+8
ticks,1499778678806000000,i1709,4900,4905,1088,4900,831,6,117554,GMT+8
ticks,1499778679256000000,i1709,4900,4905,1088,4900,832,0,117554,GMT+8
ticks,1499778679673000000,i1709,4900,4905,1088,4900,834,2,117556,GMT+8
ticks,1499778680369000000,i1709,4905,4905,1086,4900,835,6,117562,GMT+8
ticks,1499778680877000000,i1709,4900,4905,1090,4900,828,12,117574,GMT+8
ticks,1499778681350000000,i1709,4900,4905,1090,4900,638,0,117574,GMT+8
ticks,1499778682326000000,i1709,4905,4905,1073,4900,639,42,117616,GMT+8
ticks,1499778682874000000,i1709,4900,4905,1073,4900,637,4,117620,GMT+8
ticks,1499778683159000000,i1709,4905,4905,1072,4900,638,2,117622,GMT+8
ticks,1499778684149000000,i1709,4905,4905,1073,4900,639,0,117622,GMT+8
ticks,1499778684888000000,i1709,4900,4905,1080,4900,638,6,117628,GMT+8
ticks,1499778685363000000,i1709,4905,4905,1076,4900,638,8,117636,GMT+8
ticks,1499778685864000000,i1709,4900,4905,1075,4900,640,6,117642,GMT+8
ticks,1499778686383000000,i1709,4905,4905,1074,4900,641,2,117644,GMT+8
ticks,1499778686707000000,i1709,4905,4905,1068,4900,644,6,117650,GMT+8
ticks,1499778687183000000,i1709,4905,4905,1059,4900,643,20,117670,GMT+8
ticks,1499778687836000000,i1709,4905,4905,1057,4900,643,6,117676,GMT+8
ticks,1499778688363000000,i1709,4900,4905,1061,4900,645,2,117678,GMT+8
ticks,1499778688875000000,i1709,4900,4905,1061,4900,644,2,117680,GMT+8
ticks,1499778689364000000,i1709,4905,4905,1071,4900,749,2,117682,GMT+8
ticks,1499778689845000000,i1709,4905,4905,1071,4900,757,0,117682,GMT+8
ticks,1499778690348000000,i1709,4900,4905,1073,4900,754,4,117686,GMT+8
ticks,1499778690867000000,i1709,4900,4905,1073,4900,978,0,117686,GMT+8
ticks,1499778691220000000,i1709,4905,4905,1072,4900,1013,2,117688,GMT+8
ticks,1499778691804000000,i1709,4905,4905,1063,4900,1010,28,117716,GMT+8
ticks,1499778692389000000,i1709,4905,4905,1054,4900,1013,24,117740,GMT+8
ticks,1499778692742000000,i1709,4905,4905,1049,4900,1010,6,117746,GMT+8
ticks,1499778693386000000,i1709,4900,4905,1049,4900,1033,6,117752,GMT+8
ticks,1499778693834000000,i1709,4905,4905,1019,4900,1035,62,117814,GMT+8
ticks,1499778694384000000,i1709,4905,4905,1012,4900,1040,12,117826,GMT+8
ticks,1499778694696000000,i1709,4900,4905,1013,4900,1040,2,117828,GMT+8
ticks,1499778695330000000,i1709,4905,4905,875,4900,1082,264,118092,GMT+8
ticks,1499778695867000000,i1709,4905,4905,235,4900,1200,1292,119384,GMT+8
ticks,1499778696351000000,i1709,4900,4905,65,4900,1258,354,119738,GMT+8
ticks,1499778696866000000,i1709,4905,4910,2592,4905,242,138,119876,GMT+8
ticks,1499778697300000000,i1709,4905,4910,2592,4905,400,2,119878,GMT+8
ticks,1499778697802000000,i1709,4905,4910,2593,4905,301,200,120078,GMT+8
ticks,1499778698382000000,i1709,4905,4905,482,4900,1432,606,120684,GMT+8
ticks,1499778698835000000,i1709,4905,4905,622,4900,1429,46,120730,GMT+8
ticks,1499778699381000000,i1709,4905,4905,684,4900,1399,6,120736,GMT+8
ticks,1499778699838000000,i1709,4905,4905,686,4900,1389,2,120738,GMT+8
ticks,1499778700372000000,i1709,4905,4905,692,4900,1388,10,120748,GMT+8
ticks,1499778700872000000,i1709,4905,4905,671,4900,1392,26,120774,GMT+8
ticks,1499778701388000000,i1709,4905,4905,667,4900,1398,10,120784,GMT+8
ticks,1499778701789000000,i1709,4905,4905,663,4900,1392,24,120808,GMT+8
ticks,1499778702376000000,i1709,4905,4905,670,4900,1391,30,120838,GMT+8
ticks,1499778702873000000,i1709,4905,4905,666,4900,1396,16,120854,GMT+8
ticks,1499778703368000000,i1709,4905,4905,694,4900,1396,2,120856,GMT+8
ticks,1499778703886000000,i1709,4905,4905,556,4900,1394,26,120882,GMT+8
ticks,1499778704334000000,i1709,4905,4905,550,4900,1397,14,120896,GMT+8
ticks,1499778704872000000,i1709,4905,4905,453,4900,1398,80,120976,GMT+8
ticks,1499778705354000000,i1709,4905,4905,454,4900,1414,0,120976,GMT+8
ticks,1499778705837000000,i1709,4905,4905,449,4900,1421,14,120990,GMT+8
ticks,1499778706341000000,i1709,4905,4905,446,4900,1421,6,120996,GMT+8
ticks,1499778706880000000,i1709,4905,4905,224,4900,1431,448,121444,GMT+8
ticks,1499778707352000000,i1709,4905,4905,89,4900,1431,272,121716,GMT+8
