name,time,symbol,last,ask_price,ask_size,bid_price,bid_size,volume,total_volume,timezone
ticks,1499086800000000000,i1709,4890,4890,461,4885,85,1462,1462,GMT+8
ticks,1499086800389000000,i1709,4885,4885,272,4880,2579,2862,4324,GMT+8
ticks,1499086800889000000,i1709,4885,4885,83,4880,2573,1222,5546,GMT+8
ticks,1499086801390000000,i1709,4885,4885,863,4880,2499,1354,6900,GMT+8
ticks,1499086801887000000,i1709,4885,4885,813,4880,2468,414,7314,GMT+8
ticks,1499086802381000000,i1709,4880,4885,757,4880,2366,474,7788,GMT+8
ticks,1499086802880000000,i1709,4885,4885,767,4880,2365,36,7824,GMT+8
ticks,1499086803387000000,i1709,4880,4885,782,4880,2325,106,7930,GMT+8
ticks,1499086803881000000,i1709,4880,4885,706,4880,2817,332,8262,GMT+8
ticks,1499086804389000000,i1709,4880,4885,562,4880,2727,714,8976,GMT+8
ticks,1499086804875000000,i1709,4880,4885,533,4880,2744,292,9268,GMT+8
ticks,1499086805381000000,i1709,4880,4885,151,4880,2554,1196,10464,GMT+8
ticks,1499086805878000000,i1709,4885,4885,126,4880,2428,380,10844,GMT+8
ticks,1499086806313000000,i1709,4880,4885,194,4880,2374,154,10998,GMT+8
ticks,1499086806885000000,i1709,4885,4885,372,4880,2189,376,11374,GMT+8
ticks,1499086807377000000,i1709,4880,4885,496,4880,2045,336,11710,GMT+8
ticks,1499086807886000000,i1709,4880,4885,519,4880,1990,188,11898,GMT+8
ticks,1499086808387000000,i1709,4875,4880,1490,4875,162,3300,15198,GMT+8
ticks,1499086808884000000,i1709,4875,4875,1157,4870,912,390,15588,GMT+8
ticks,1499086809385000000,i1709,4875,4875,1188,4870,1018,26,15614,GMT+8
ticks,1499086809870000000,i1709,4870,4875,1187,4870,972,104,15718,GMT+8
ticks,1499086810390000000,i1709,4870,4875,1205,4870,893,208,15926,GMT+8
ticks,1499086810864000000,i1709,4875,4875,1112,4870,927,90,16016,GMT+8
ticks,1499086811388000000,i1709,4870,4875,1093,4870,1002,76,16092,GMT+8
ticks,1499086811886000000,i1709,4870,4875,1092,4870,888,228,16320,GMT+8
ticks,1499086812380000000,i1709,4870,4875,1098,4870,861,58,16378,GMT+8
ticks,1499086812883000000,i1709,4870,4875,1097,4870,856,52,16430,GMT+8
ticks,1499086813370000000,i1709,4875,4875,1100,4870,856,108,16538,GMT+8
ticks,1499086813876000000,i1709,4870,4875,1098,4870,842,46,16584,GMT+8
ticks,1499086814390000000,i1709,4870,4875,1099,4870,792,90,16674,GMT+8
ticks,1499086814869000000,i1709,4870,4875,1097,4870,778,62,16736,GMT+8
ticks,1499086815383000000,i1709,4870,4875,1122,4870,734,106,16842,GMT+8
ticks,1499086815882000000,i1709,4875,4870,1,4865,266,1470,18312,GMT+8
ticks,1499086816388000000,i1709,4865,4870,825,4865,276,42,18354,GMT+8
ticks,1499086816881000000,i1709,4865,4870,635,4865,76,1382,19736,GMT+8
ticks,1499086817367000000,i1709,4870,4870,302,4865,32,482,20218,GMT+8
ticks,1499086817889000000,i1709,4865,4870,435,4865,67,198,20416,GMT+8
ticks,1499086818382000000,i1709,4870,4870,160,4865,62,956,21372,GMT+8
ticks,1499086818888000000,i1709,4865,4870,271,4865,308,386,21758,GMT+8
ticks,1499086819381000000,i1709,4865,4870,299,4865,584,22,21780,GMT+8
ticks,1499086819886000000,i1709,4865,4870,369,4865,628,32,21812,GMT+8
ticks,1499086820380000000,i1709,4865,4870,343,4865,885,150,21962,GMT+8
ticks,1499086820884000000,i1709,4865,4870,343,4865,891,36,21998,GMT+8
ticks,1499086821372000000,i1709,4865,4870,267,4865,886,158,22156,GMT+8
ticks,1499086821869000000,i1709,4870,4870,279,4865,871,38,22194,GMT+8
ticks,1499086822382000000,i1709,4865,4870,293,4865,632,50,22244,GMT+8
ticks,1499086822890000000,i1709,4870,4870,334,4865,617,140,22384,GMT+8
ticks,1499086823334000000,i1709,4865,4870,310,4865,522,410,22794,GMT+8
ticks,1499086823860000000,i1709,4865,4870,459,4865,539,10,22804,GMT+8
ticks,1499086824373000000,i1709,4865,4870,266,4865,611,396,23200,GMT+8
ticks,1499086824885000000,i1709,4865,4870,276,4865,587,78,23278,GMT+8
ticks,1499086825348000000,i1709,4870,4870,277,4865,597,28,23306,GMT+8
ticks,1499086825888000000,i1709,4865,4870,269,4865,581,58,23364,GMT+8
ticks,1499086826345000000,i1709,4865,4870,267,4865,576,46,23410,GMT+8
ticks,1499086826865000000,i1709,4865,4870,295,4865,856,104,23514,GMT+8
ticks,1499086827304000000,i1709,4865,4870,267,4865,862,74,23588,GMT+8
ticks,1499086827875000000,i1709,4865,4870,256,4865,855,104,23692,GMT+8
ticks,1499086828385000000,i1709,4870,4870,276,4865,855,12,23704,GMT+8
ticks,1499086828846000000,i1709,4870,4870,159,4865,798,360,24064,GMT+8
ticks,1499086829303000000,i1709,4865,4870,162,4865,807,28,24092,GMT+8
ticks,1499086829888000000,i1709,4870,4875,1251,4870,101,332,24424,GMT+8
ticks,1499086830345000000,i1709,4870,4875,1020,4870,224,506,24930,GMT+8
ticks,1499086830875000000,i1709,4870,4875,990,4870,294,140,25070,GMT+8
ticks,1499086831379000000,i1709,4875,4875,987,4870,349,42,25112,GMT+8
ticks,1499086831857000000,i1709,4875,4875,733,4870,338,540,25652,GMT+8
ticks,1499086832374000000,i1709,4875,4875,720,4870,349,42,25694,GMT+8
ticks,1499086832828000000,i1709,4870,4875,624,4870,359,24,25718,GMT+8
ticks,1499086833390000000,i1709,4875,4875,627,4870,153,418,26136,GMT+8
ticks,1499086833890000000,i1709,4870,4870,161,4865,852,330,26466,GMT+8
ticks,1499086834355000000,i1709,4870,4870,198,4865,950,80,26546,GMT+8
ticks,1499086834854000000,i1709,4870,4870,210,4865,933,28,26574,GMT+8
ticks,1499086835343000000,i1709,4870,4870,230,4865,930,10,26584,GMT+8
ticks,1499086835846000000,i1709,4870,4875,776,4870,67,460,27044,GMT+8
ticks,1499086836349000000,i1709,4870,4875,759,4870,145,18,27062,GMT+8
ticks,1499086836886000000,i1709,4875,4875,115,4870,270,1176,28238,GMT+8
ticks,1499086837383000000,i1709,4875,4880,753,4875,38,346,28584,GMT+8
ticks,1499086837887000000,i1709,4875,4875,96,4870,455,334,28918,GMT+8
ticks,1499086838383000000,i1709,4870,4875,280,4870,471,6,28924,GMT+8
ticks,1499086838877000000,i1709,4870,4875,384,4870,462,18,28942,GMT+8
ticks,1499086839380000000,i1709,4875,4875,413,4870,464,68,29010,GMT+8
ticks,1499086839886000000,i1709,4870,4875,415,4870,451,48,29058,GMT+8
ticks,1499086840385000000,i1709,4870,4875,407,4870,447,22,29080,GMT+8
ticks,1499086840874000000,i1709,4875,4875,402,4870,495,24,29104,GMT+8
ticks,1499086841386000000,i1709,4875,4880,806,4875,97,816,29920,GMT+8
ticks,1499086841887000000,i1709,4880,4880,781,4875,272,36,29956,GMT+8
ticks,1499086842388000000,i1709,4875,4880,682,4875,550,66,30022,GMT+8
ticks,1499086842881000000,i1709,4880,4880,681,4875,560,40,30062,GMT+8
ticks,1499086843368000000,i1709,4875,4880,677,4875,500,130,30192,GMT+8
ticks,1499086843889000000,i1709,4875,4880,639,4875,535,72,30264,GMT+8
ticks,1499086844368000000,i1709,4875,4880,635,4875,536,4,30268,GMT+8
ticks,1499086844868000000,i1709,4880,4880,226,4875,614,800,31068,GMT+8
ticks,1499086845326000000,i1709,4880,4885,736,4880,221,482,31550,GMT+8
ticks,1499086845879000000,i1709,4880,4880,117,4875,692,694,32244,GMT+8
ticks,1499086846388000000,i1709,4875,4880,171,4875,695,12,32256,GMT+8
ticks,1499086846870000000,i1709,4880,4880,464,4875,723,68,32324,GMT+8
ticks,1499086847389000000,i1709,4880,4880,440,4875,721,54,32378,GMT+8
ticks,1499086847868000000,i1709,4880,4880,426,4875,720,32,32410,GMT+8
ticks,1499086848315000000,i1709,4880,4880,524,4875,720,24,32434,GMT+8
ticks,1499086848807000000,i1709,4875,4880,515,4875,720,92,32526,GMT+8
ticks,1499086849324000000,i1709,4875,4880,516,4875,718,8,32534,GMT+8
ticks,1499086849885000000,i1709,4880,4880,361,4875,679,368,32902,GMT+8
ticks,1499086850386000000,i1709,4880,4880,359,4875,674,16,32918,GMT+8
ticks,1499086850879000000,i1709,4880,4880,272,4875,695,24,32942,GMT+8
ticks,1499086851373000000,i1709,4880,4880,393,4875,690,26,32968,GMT+8
ticks,1499086851799000000,i1709,4880,4880,231,4875,674,140,33108,GMT+8
ticks,1499086852375000000,i1709,4875,4880,201,4875,674,78,33186,GMT+8
ticks,1499086852887000000,i1709,4880,4885,810,4880,226,502,33688,GMT+8
ticks,1499086853386000000,i1709,4880,4885,850,4880,388,10,33698,GMT+8
ticks,1499086853875000000,i1709,4880,4885,848,4880,467,18,33716,GMT+8
ticks,1499086854380000000,i1709,4880,4885,1053,4880,477,20,33736,GMT+8
ticks,1499086854886000000,i1709,4880,4885,1003,4880,450,176,33912,GMT+8
ticks,1499086855353000000,i1709,4880,4885,1002,4880,358,4,33916,GMT+8
ticks,1499086855877000000,i1709,4885,4885,1001,4880,343,32,33948,GMT+8
ticks,1499086856385000000,i1709,4880,4885,1015,4880,304,86,34034,GMT+8
ticks,1499086856839000000,i1709,4885,4885,965,4880,310,126,34160,GMT+8
ticks,1499086857381000000,i1709,4885,4885,924,4880,308,90,34250,GMT+8
ticks,1499086857860000000,i1709,4880,4885,933,4880,151,380,34630,GMT+8
ticks,1499086858360000000,i1709,4880,4885,972,4880,252,6,34636,GMT+8
ticks,1499086858853000000,i1709,4880,4885,945,4880,283,44,34680,GMT+8
ticks,1499086859386000000,i1709,4880,4885,932,4880,271,308,34988,GMT+8
ticks,1499086859861000000,i1709,4885,4885,926,4880,235,20,35008,GMT+8
ticks,1499086860364000000,i1709,4885,4885,918,4880,246,40,35048,GMT+8
ticks,1499086860880000000,i1709,4885,4885,895,4880,235,78,35126,GMT+8
ticks,1499086861383000000,i1709,4880,4885,941,4880,122,76,35202,GMT+8
ticks,1499086861888000000,i1709,4880,4880,574,4875,753,256,35458,GMT+8
ticks,1499086862385000000,i1709,4880,4880,786,4875,753,30,35488,GMT+8
ticks,1499086862887000000,i1709,4880,4880,790,4875,694,128,35616,GMT+8
ticks,1499086863379000000,i1709,4880,4880,878,4875,630,8,35624,GMT+8
ticks,1499086863869000000,i1709,4875,4880,878,4875,405,412,36036,GMT+8
ticks,1499086864379000000,i1709,4880,4880,891,4875,414,18,36054,GMT+8
ticks,1499086864863000000,i1709,4880,4880,985,4875,406,12,36066,GMT+8
ticks,1499086865358000000,i1709,4875,4880,1003,4875,407,10,36076,GMT+8
ticks,1499086865890000000,i1709,4875,4880,770,4875,414,486,36562,GMT+8
ticks,1499086866368000000,i1709,4880,4880,821,4875,415,6,36568,GMT+8
ticks,1499086866881000000,i1709,4880,4880,829,4875,418,8,36576,GMT+8
ticks,1499086867388000000,i1709,4880,4880,642,4875,504,534,37110,GMT+8
ticks,1499086867887000000,i1709,4875,4880,665,4875,327,186,37296,GMT+8
ticks,1499086868385000000,i1709,4875,4875,97,4870,575,768,38064,GMT+8
ticks,1499086868834000000,i1709,4875,4875,144,4870,718,112,38176,GMT+8
ticks,1499086869381000000,i1709,4875,4875,475,4870,703,72,38248,GMT+8
ticks,1499086869877000000,i1709,4870,4875,460,4870,693,52,38300,GMT+8
ticks,1499086870388000000,i1709,4870,4875,566,4870,688,64,38364,GMT+8
ticks,1499086870883000000,i1709,4870,4875,668,4870,673,12,38376,GMT+8
ticks,1499086871351000000,i1709,4870,4875,672,4870,668,18,38394,GMT+8
ticks,1499086871887000000,i1709,4870,4875,666,4870,663,24,38418,GMT+8
ticks,1499086872390000000,i1709,4870,4875,664,4870,668,14,38432,GMT+8
ticks,1499086872844000000,i1709,4870,4875,662,4870,556,228,38660,GMT+8
ticks,1499086873389000000,i1709,4870,4875,662,4870,508,80,38740,GMT+8
ticks,1499086873882000000,i1709,4870,4875,676,4870,493,84,38824,GMT+8
ticks,1499086874352000000,i1709,4870,4875,698,4870,244,302,39126,GMT+8
ticks,1499086874890000000,i1709,4870,4875,688,4870,133,240,39366,GMT+8
ticks,1499086875367000000,i1709,4870,4870,155,4865,1004,288,39654,GMT+8
ticks,1499086875888000000,i1709,4870,4870,179,4865,999,20,39674,GMT+8
ticks,1499086876358000000,i1709,4865,4870,153,4865,984,16,39690,GMT+8
ticks,1499086876879000000,i1709,4870,4870,176,4865,972,8,39698,GMT+8
ticks,1499086877373000000,i1709,4865,4870,192,4865,914,98,39796,GMT+8
ticks,1499086877884000000,i1709,4870,4875,761,4870,461,388,40184,GMT+8
ticks,1499086878361000000,i1709,4870,4875,728,4870,615,46,40230,GMT+8
ticks,1499086878877000000,i1709,4870,4875,711,4870,568,96,40326,GMT+8
ticks,1499086879341000000,i1709,4870,4875,728,4870,575,28,40354,GMT+8
ticks,1499086879873000000,i1709,4870,4875,775,4870,570,32,40386,GMT+8
ticks,1499086880386000000,i1709,4870,4875,779,4870,574,24,40410,GMT+8
ticks,1499086880879000000,i1709,4870,4875,783,4870,723,22,40432,GMT+8
ticks,1499086881391000000,i1709,4870,4875,785,4870,711,24,40456,GMT+8
ticks,1499086881860000000,i1709,4870,4875,784,4870,768,20,40476,GMT+8
ticks,1499086882390000000,i1709,4875,4875,715,4870,762,152,40628,GMT+8
ticks,1499086882880000000,i1709,4870,4875,717,4870,795,18,40646,GMT+8
ticks,1499086883386000000,i1709,4870,4875,723,4870,645,304,40950,GMT+8
ticks,1499086883887000000,i1709,4870,4875,705,4870,629,50,41000,GMT+8
ticks,1499086884391000000,i1709,4870,4875,739,4870,612,42,41042,GMT+8
ticks,1499086884879000000,i1709,4870,4875,740,4870,504,248,41290,GMT+8
ticks,1499086885340000000,i1709,4870,4875,742,4870,501,10,41300,GMT+8
ticks,1499086885873000000,i1709,4870,4875,732,4870,498,34,41334,GMT+8
ticks,1499086886342000000,i1709,4875,4875,731,4870,524,24,41358,GMT+8
ticks,1499086886848000000,i1709,4870,4875,732,4870,527,6,41364,GMT+8
ticks,1499086887352000000,i1709,4870,4875,739,4870,500,78,41442,GMT+8
ticks,1499086887870000000,i1709,4870,4875,769,4870,475,70,41512,GMT+8
ticks,1499086888349000000,i1709,4870,4875,772,4870,475,0,41512,GMT+8
ticks,1499086888857000000,i1709,4870,4875,663,4870,469,34,41546,GMT+8
ticks,1499086889360000000,i1709,4875,4875,660,4870,490,10,41556,GMT+8
ticks,1499086889847000000,i1709,4875,4875,658,4870,493,6,41562,GMT+8
ticks,1499086890381000000,i1709,4870,4875,719,4870,353,280,41842,GMT+8
ticks,1499086890876000000,i1709,4870,4875,728,4870,331,54,41896,GMT+8
ticks,1499086891373000000,i1709,4870,4875,788,4870,328,8,41904,GMT+8
ticks,1499086891856000000,i1709,4875,4875,684,4870,379,126,42030,GMT+8
ticks,1499086892383000000,i1709,4875,4875,739,4870,317,126,42156,GMT+8
ticks,1499086892886000000,i1709,4870,4875,717,4870,325,58,42214,GMT+8
ticks,1499086893387000000,i1709,4870,4875,720,4870,180,286,42500,GMT+8
ticks,1499086893882000000,i1709,4870,4875,742,4870,146,56,42556,GMT+8
ticks,1499086894360000000,i1709,4870,4875,742,4870,119,58,42614,GMT+8
ticks,1499086894875000000,i1709,4870,4875,846,4870,116,10,42624,GMT+8
ticks,1499086895388000000,i1709,4870,4875,813,4870,602,70,42694,GMT+8
ticks,1499086895885000000,i1709,4870,4875,910,4870,589,188,42882,GMT+8
ticks,1499086896335000000,i1709,4870,4875,935,4870,604,14,42896,GMT+8
ticks,1499086896891000000,i1709,4870,4875,931,4870,613,30,42926,GMT+8
ticks,1499086897367000000,i1709,4875,4875,976,4870,592,12,42938,GMT+8
ticks,1499086897872000000,i1709,4870,4870,54,4865,963,1186,44124,GMT+8
ticks,1499086898307000000,i1709,4870,4870,481,4865,877,16,44140,GMT+8
ticks,1499086898873000000,i1709,4870,4870,597,4865,873,46,44186,GMT+8
ticks,1499086899378000000,i1709,4865,4870,630,4865,880,22,44208,GMT+8
ticks,1499086899793000000,i1709,4870,4870,697,4865,929,22,44230,GMT+8
ticks,1499086900382000000,i1709,4870,4870,697,4865,909,2,44232,GMT+8
ticks,1499086900834000000,i1709,4870,4870,691,4865,888,22,44254,GMT+8
ticks,1499086901351000000,i1709,4870,4870,684,4865,907,14,44268,GMT+8
ticks,1499086901840000000,i1709,4865,4870,682,4865,886,46,44314,GMT+8
ticks,1499086902340000000,i1709,4870,4870,595,4865,886,200,44514,GMT+8
ticks,1499086902890000000,i1709,4865,4870,524,4865,885,108,44622,GMT+8
ticks,1499086903384000000,i1709,4870,4870,538,4865,999,104,44726,GMT+8
ticks,1499086903831000000,i1709,4870,4870,533,4865,998,28,44754,GMT+8
ticks,1499086904377000000,i1709,4865,4870,538,4865,795,414,45168,GMT+8
ticks,1499086904891000000,i1709,4865,4870,586,4865,797,14,45182,GMT+8
ticks,1499086905365000000,i1709,4865,4870,643,4865,793,12,45194,GMT+8
ticks,1499086905884000000,i1709,4865,4870,648,4865,800,72,45266,GMT+8
ticks,1499086906353000000,i1709,4870,4870,621,4865,710,60,45326,GMT+8
ticks,1499086906885000000,i1709,4865,4870,643,4865,709,2,45328,GMT+8
ticks,1499086907369000000,i1709,4865,4870,639,4865,705,18,45346,GMT+8
ticks,1499086907884000000,i1709,4870,4870,638,4865,685,64,45410,GMT+8
ticks,1499086908382000000,i1709,4865,4870,642,4865,561,256,45666,GMT+8
ticks,1499086908886000000,i1709,4865,4870,649,4865,553,26,45692,GMT+8
ticks,1499086909357000000,i1709,4865,4870,654,4865,524,64,45756,GMT+8
ticks,1499086909887000000,i1709,4870,4870,643,4865,517,48,45804,GMT+8
ticks,1499086910366000000,i1709,4865,4870,599,4865,521,104,45908,GMT+8
ticks,1499086910880000000,i1709,4865,4870,612,4865,473,98,46006,GMT+8
ticks,1499086911344000000,i1709,4865,4870,597,4865,432,132,46138,GMT+8
ticks,1499086911880000000,i1709,4865,4870,597,4865,445,20,46158,GMT+8
ticks,1499086912388000000,i1709,4865,4870,591,4865,448,6,46164,GMT+8
ticks,1499086912874000000,i1709,4870,4870,603,4865,430,60,46224,GMT+8
ticks,1499086913382000000,i1709,4865,4870,617,4865,408,46,46270,GMT+8
ticks,1499086913888000000,i1709,4870,4870,623,4865,460,14,46284,GMT+8
ticks,1499086914389000000,i1709,4865,4870,633,4865,437,50,46334,GMT+8
ticks,1499086914874000000,i1709,4865,4870,734,4865,428,20,46354,GMT+8
ticks,1499086915366000000,i1709,4865,4870,732,4865,425,40,46394,GMT+8
ticks,1499086915877000000,i1709,4865,4870,730,4865,429,96,46490,GMT+8
ticks,1499086916380000000,i1709,4865,4870,659,4865,430,308,46798,GMT+8
ticks,1499086916881000000,i1709,4870,4870,628,4865,526,30,46828,GMT+8
ticks,1499086917343000000,i1709,4870,4870,625,4865,521,12,46840,GMT+8
ticks,1499086917888000000,i1709,4870,4870,623,4865,523,8,46848,GMT+8
ticks,1499086918347000000,i1709,4865,4870,699,4865,524,6,46854,GMT+8
ticks,1499086918888000000,i1709,4865,4870,702,4865,530,8,46862,GMT+8
ticks,1499086919376000000,i1709,4865,4870,689,4865,524,14,46876,GMT+8
ticks,1499086919868000000,i1709,4865,4870,681,4865,535,6,46882,GMT+8
ticks,1499086920372000000,i1709,4865,4870,673,4865,535,4,46886,GMT+8
ticks,1499086920875000000,i1709,4865,4870,673,4865,525,26,46912,GMT+8
ticks,1499086921375000000,i1709,4865,4870,678,4865,510,44,46956,GMT+8
ticks,1499086921847000000,i1709,4870,4870,657,4865,523,118,47074,GMT+8
ticks,1499086922262000000,i1709,4865,4870,653,4865,490,72,47146,GMT+8
ticks,1499086922885000000,i1709,4865,4870,655,4865,503,30,47176,GMT+8
ticks,1499086923376000000,i1709,4865,4870,677,4865,404,212,47388,GMT+8
ticks,1499086923864000000,i1709,4865,4870,691,4865,323,176,47564,GMT+8
ticks,1499086924381000000,i1709,4870,4870,686,4865,332,10,47574,GMT+8
ticks,1499086924786000000,i1709,4865,4870,718,4865,317,70,47644,GMT+8
ticks,1499086925371000000,i1709,4870,4870,753,4865,336,16,47660,GMT+8
ticks,1499086925859000000,i1709,4865,4870,879,4865,363,22,47682,GMT+8
ticks,1499086926369000000,i1709,4870,4870,877,4865,366,8,47690,GMT+8
ticks,1499086926880000000,i1709,4870,4870,876,4865,510,14,47704,GMT+8
ticks,1499086927348000000,i1709,4865,4870,876,4865,491,4,47708,GMT+8
ticks,1499086927874000000,i1709,4865,4870,877,4865,486,14,47722,GMT+8
ticks,1499086928379000000,i1709,4870,4870,857,4865,472,34,47756,GMT+8
ticks,1499086928886000000,i1709,4870,4870,834,4865,443,72,47828,GMT+8
ticks,1499086929383000000,i1709,4870,4870,901,4865,324,26,47854,GMT+8
ticks,1499086929881000000,i1709,4870,4870,913,4865,332,14,47868,GMT+8
ticks,1499086930335000000,i1709,4865,4870,911,4865,275,122,47990,GMT+8
ticks,1499086930823000000,i1709,4870,4870,917,4865,260,32,48022,GMT+8
ticks,1499086931379000000,i1709,4865,4870,917,4865,312,4,48026,GMT+8
ticks,1499086931864000000,i1709,4865,4870,902,4865,313,34,48060,GMT+8
ticks,1499086932370000000,i1709,4865,4870,902,4865,405,26,48086,GMT+8
ticks,1499086932887000000,i1709,4865,4870,900,4865,405,28,48114,GMT+8
ticks,1499086933369000000,i1709,4865,4870,903,4865,519,68,48182,GMT+8
ticks,1499086933856000000,i1709,4865,4870,852,4865,487,68,48250,GMT+8
ticks,1499086934381000000,i1709,4865,4870,934,4865,488,12,48262,GMT+8
ticks,1499086934801000000,i1709,4870,4870,936,4865,489,2,48264,GMT+8
ticks,1499086935366000000,i1709,4870,4870,924,4865,520,8,48272,GMT+8
ticks,1499086935877000000,i1709,4865,4870,926,4865,513,12,48284,GMT+8
ticks,1499086936374000000,i1709,4865,4870,922,4865,503,44,48328,GMT+8
ticks,1499086936890000000,i1709,4865,4870,924,4865,446,106,48434,GMT+8
ticks,1499086937313000000,i1709,4865,4870,924,4865,447,8,48442,GMT+8
ticks,1499086937827000000,i1709,4870,4870,924,4865,467,8,48450,GMT+8
ticks,1499086938378000000,i1709,4870,4870,945,4865,459,0,48450,GMT+8
ticks,1499086938885000000,i1709,4865,4865,302,4860,1105,922,49372,GMT+8
ticks,1499086939320000000,i1709,4865,4865,474,4860,1098,28,49400,GMT+8
ticks,1499086939853000000,i1709,4865,4865,537,4860,1097,10,49410,GMT+8
ticks,1499086940332000000,i1709,4865,4865,520,4860,1096,64,49474,GMT+8
ticks,1499086940872000000,i1709,4865,4865,544,4860,1056,82,49556,GMT+8
ticks,1499086941363000000,i1709,4860,4865,615,4860,1059,14,49570,GMT+8
ticks,1499086941889000000,i1709,4860,4865,602,4860,1049,22,49592,GMT+8
ticks,1499086942371000000,i1709,4865,4865,588,4860,997,138,49730,GMT+8
ticks,1499086942874000000,i1709,4865,4865,526,4860,997,128,49858,GMT+8
ticks,1499086943358000000,i1709,4860,4865,522,4860,924,154,50012,GMT+8
ticks,1499086943884000000,i1709,4865,4865,520,4860,930,4,50016,GMT+8
ticks,1499086944355000000,i1709,4860,4865,525,4860,967,24,50040,GMT+8
ticks,1499086944866000000,i1709,4860,4865,566,4860,960,12,50052,GMT+8
ticks,1499086945319000000,i1709,4860,4865,558,4860,957,22,50074,GMT+8
ticks,1499086945873000000,i1709,4860,4865,559,4860,952,10,50084,GMT+8
ticks,1499086946333000000,i1709,4860,4865,532,4860,954,32,50116,GMT+8
ticks,1499086946889000000,i1709,4865,4865,540,4860,958,2,50118,GMT+8
ticks,1499086947372000000,i1709,4865,4865,537,4860,961,6,50124,GMT+8
ticks,1499086947815000000,i1709,4865,4865,536,4860,962,16,50140,GMT+8
ticks,1499086948377000000,i1709,4860,4865,533,4860,966,14,50154,GMT+8
ticks,1499086948880000000,i1709,4860,4865,537,4860,960,14,50168,GMT+8
ticks,1499086949365000000,i1709,4860,4865,537,4860,905,112,50280,GMT+8
ticks,1499086949881000000,i1709,4860,4865,538,4860,901,18,50298,GMT+8
ticks,1499086950388000000,i1709,4860,4865,550,4860,894,20,50318,GMT+8
ticks,1499086950785000000,i1709,4860,4865,572,4860,893,2,50320,GMT+8
ticks,1499086951381000000,i1709,4865,4870,1018,4865,173,1106,51426,GMT+8
ticks,1499086951869000000,i1709,4865,4870,1050,4865,306,28,51454,GMT+8
ticks,1499086952359000000,i1709,4865,4870,1271,4865,406,12,51466,GMT+8
ticks,1499086952882000000,i1709,4865,4870,1274,4865,406,32,51498,GMT+8
ticks,1499086953388000000,i1709,4865,4870,1264,4865,370,106,51604,GMT+8
ticks,1499086953852000000,i1709,4865,4870,1214,4865,478,20,51624,GMT+8
ticks,1499086954349000000,i1709,4865,4870,1214,4865,556,52,51676,GMT+8
ticks,1499086954859000000,i1709,4865,4870,1214,4865,581,16,51692,GMT+8
ticks,1499086955347000000,i1709,4865,4870,1216,4865,519,204,51896,GMT+8
ticks,1499086955800000000,i1709,4865,4870,1221,4865,540,18,51914,GMT+8
ticks,1499086956390000000,i1709,4865,4870,1268,4865,528,26,51940,GMT+8
ticks,1499086956832000000,i1709,4870,4870,1265,4865,530,8,51948,GMT+8
ticks,1499086957321000000,i1709,4865,4870,1267,4865,525,12,51960,GMT+8
ticks,1499086957891000000,i1709,4865,4870,1267,4865,519,12,51972,GMT+8
ticks,1499086958351000000,i1709,4865,4870,1369,4865,527,8,51980,GMT+8
ticks,1499086958889000000,i1709,4865,4870,1022,4865,530,750,52730,GMT+8
ticks,1499086959355000000,i1709,4865,4870,1024,4865,759,16,52746,GMT+8
ticks,1499086959796000000,i1709,4870,4870,1028,4865,759,2,52748,GMT+8
ticks,1499086960347000000,i1709,4865,4870,1032,4865,754,10,52758,GMT+8
ticks,1499086960871000000,i1709,4865,4870,1127,4865,546,438,53196,GMT+8
ticks,1499086961382000000,i1709,4870,4870,1126,4865,671,2,53198,GMT+8
ticks,1499086961844000000,i1709,4865,4870,1127,4865,632,80,53278,GMT+8
ticks,1499086962362000000,i1709,4865,4870,1261,4865,603,66,53344,GMT+8
ticks,1499086962858000000,i1709,4865,4870,1259,4865,617,4,53348,GMT+8
ticks,1499086963380000000,i1709,4865,4870,1261,4865,629,0,53348,GMT+8
ticks,1499086963800000000,i1709,4870,4870,1262,4865,640,2,53350,GMT+8
ticks,1499086964884000000,i1709,4865,4870,1263,4865,655,10,53360,GMT+8
ticks,1499086965352000000,i1709,4865,4870,1294,4865,654,8,53368,GMT+8
ticks,1499086965888000000,i1709,4865,4870,1274,4865,652,6,53374,GMT+8
ticks,1499086966372000000,i1709,4865,4870,1276,4865,661,4,53378,GMT+8
ticks,1499086966891000000,i1709,4865,4870,1275,4865,633,66,53444,GMT+8
ticks,1499086967357000000,i1709,4865,4870,1276,4865,632,2,53446,GMT+8
ticks,1499086967888000000,i1709,4865,4870,1355,4865,631,40,53486,GMT+8
ticks,1499086968380000000,i1709,4870,4870,1347,4865,631,20,53506,GMT+8
ticks,1499086968867000000,i1709,4870,4870,1345,4865,648,2,53508,GMT+8
ticks,1499086969385000000,i1709,4865,4870,1345,4865,708,10,53518,GMT+8
ticks,1499086969888000000,i1709,4870,4870,1369,4865,708,4,53522,GMT+8
ticks,1499086970350000000,i1709,4870,4870,1368,4865,703,12,53534,GMT+8
ticks,1499086970889000000,i1709,4870,4870,1368,4865,703,4,53538,GMT+8
ticks,1499086971338000000,i1709,4865,4870,1365,4865,703,8,53546,GMT+8
ticks,1499086971850000000,i1709,4870,4870,1365,4865,723,4,53550,GMT+8
ticks,1499086972371000000,i1709,4865,4870,1367,4865,716,18,53568,GMT+8
ticks,1499086972846000000,i1709,4865,4870,1388,4865,686,200,53768,GMT+8
ticks,1499086973300000000,i1709,4870,4870,1386,4865,752,10,53778,GMT+8
ticks,1499086973864000000,i1709,4870,4870,1355,4865,864,68,53846,GMT+8
ticks,1499086974392000000,i1709,4870,4870,1337,4865,860,26,53872,GMT+8
ticks,1499086974882000000,i1709,4865,4870,1342,4865,843,38,53910,GMT+8
ticks,1499086975340000000,i1709,4865,4870,1408,4865,808,76,53986,GMT+8
ticks,1499086975864000000,i1709,4870,4870,1399,4865,809,48,54034,GMT+8
ticks,1499086976380000000,i1709,4870,4870,1398,4865,793,0,54034,GMT+8
ticks,1499086976553000000,i1709,4870,4870,1398,4865,809,0,54034,GMT+8
ticks,1499086977249000000,i1709,4870,4870,1400,4865,819,0,54034,GMT+8
ticks,1499086977873000000,i1709,4865,4870,1401,4865,672,302,54336,GMT+8
ticks,1499086978391000000,i1709,4865,4870,1411,4865,664,20,54356,GMT+8
ticks,1499086978885000000,i1709,4865,4870,1413,4865,639,66,54422,GMT+8
ticks,1499086979362000000,i1709,4870,4870,1412,4865,640,2,54424,GMT+8
ticks,1499086979885000000,i1709,4865,4870,1431,4865,661,4,54428,GMT+8
ticks,1499086980339000000,i1709,4865,4870,1434,4865,658,12,54440,GMT+8
ticks,1499086980891000000,i1709,4870,4870,1422,4865,658,18,54458,GMT+8
ticks,1499086981390000000,i1709,4870,4870,1417,4865,654,22,54480,GMT+8
ticks,1499086981832000000,i1709,4865,4870,1392,4865,882,16,54496,GMT+8
ticks,1499086982376000000,i1709,4870,4870,1096,4865,1114,600,55096,GMT+8
ticks,1499086982868000000,i1709,4870,4870,1101,4865,1111,14,55110,GMT+8
ticks,1499086983316000000,i1709,4870,4870,1031,4865,1117,150,55260,GMT+8
ticks,1499086983840000000,i1709,4870,4870,1041,4865,1107,46,55306,GMT+8
ticks,1499086984384000000,i1709,4870,4870,1041,4865,1112,0,55306,GMT+8
ticks,1499086984770000000,i1709,4870,4870,1030,4865,1114,22,55328,GMT+8
ticks,1499086985375000000,i1709,4870,4870,1064,4865,1116,0,55328,GMT+8
ticks,1499086985848000000,i1709,4865,4870,1053,4865,1114,32,55360,GMT+8
ticks,1499086986373000000,i1709,4870,4870,1038,4865,1117,32,55392,GMT+8
ticks,1499086986891000000,i1709,4865,4870,1037,4865,1124,4,55396,GMT+8
ticks,1499086987292000000,i1709,4865,4870,1043,4865,1124,0,55396,GMT+8
ticks,1499086987865000000,i1709,4870,4870,1022,4865,1156,46,55442,GMT+8
ticks,1499086988383000000,i1709,4865,4870,1013,4865,1154,42,55484,GMT+8
ticks,1499086988881000000,i1709,4870,4870,1009,4865,1155,12,55496,GMT+8
ticks,1499086989340000000,i1709,4870,4870,957,4865,1159,116,55612,GMT+8
ticks,1499086989877000000,i1709,4865,4870,959,4865,1170,18,55630,GMT+8
ticks,1499086990358000000,i1709,4870,4870,958,4865,1160,12,55642,GMT+8
ticks,1499086990889000000,i1709,4870,4870,946,4865,1160,28,55670,GMT+8
ticks,1499086991392000000,i1709,4870,4870,709,4865,1160,462,56132,GMT+8
ticks,1499086991879000000,i1709,4870,4870,689,4865,1230,14,56146,GMT+8
ticks,1499086992359000000,i1709,4870,4875,1095,4870,204,1114,57260,GMT+8
ticks,1499086992874000000,i1709,4870,4875,1075,4870,441,36,57296,GMT+8
ticks,1499086993332000000,i1709,4875,4875,1072,4870,500,8,57304,GMT+8
ticks,1499086993886000000,i1709,4870,4875,1073,4870,600,2,57306,GMT+8
ticks,1499086994355000000,i1709,4870,4875,1064,4870,600,4,57310,GMT+8
ticks,1499086994890000000,i1709,4870,4875,1049,4870,647,2,57312,GMT+8
ticks,1499086995361000000,i1709,4870,4875,1019,4870,675,14,57326,GMT+8
ticks,1499086995892000000,i1709,4875,4875,1017,4870,703,14,57340,GMT+8
ticks,1499086996375000000,i1709,4870,4875,1021,4870,719,14,57354,GMT+8
ticks,1499086996855000000,i1709,4875,4875,1007,4870,720,24,57378,GMT+8
ticks,1499086997357000000,i1709,4875,4875,935,4870,406,742,58120,GMT+8
ticks,1499086997883000000,i1709,4875,4875,923,4870,402,30,58150,GMT+8
ticks,1499086998340000000,i1709,4870,4875,912,4870,402,4,58154,GMT+8
ticks,1499086998884000000,i1709,4875,4875,894,4870,425,32,58186,GMT+8
ticks,1499086999392000000,i1709,4870,4875,884,4870,582,28,58214,GMT+8
ticks,1499086999878000000,i1709,4875,4875,757,4870,615,46,58260,GMT+8
ticks,1499087000381000000,i1709,4870,4875,751,4870,691,2,58262,GMT+8
ticks,1499087000840000000,i1709,4870,4875,750,4870,694,4,58266,GMT+8
ticks,1499087001387000000,i1709,4875,4875,749,4870,727,22,58288,GMT+8
ticks,1499087001867000000,i1709,4875,4875,737,4870,731,18,58306,GMT+8
ticks,1499087002277000000,i1709,4875,4875,738,4870,729,4,58310,GMT+8
ticks,1499087002872000000,i1709,4875,4875,735,4870,733,18,58328,GMT+8
ticks,1499087003356000000,i1709,4870,4875,689,4870,770,112,58440,GMT+8
ticks,1499087003863000000,i1709,4875,4875,686,4870,768,18,58458,GMT+8
ticks,1499087004353000000,i1709,4870,4875,676,4870,764,30,58488,GMT+8
ticks,1499087004884000000,i1709,4875,4875,665,4870,766,24,58512,GMT+8
ticks,1499087005361000000,i1709,4870,4875,669,4870,767,4,58516,GMT+8
ticks,1499087005805000000,i1709,4875,4875,668,4870,768,12,58528,GMT+8
ticks,1499087006376000000,i1709,4875,4875,665,4870,767,6,58534,GMT+8
ticks,1499087006889000000,i1709,4875,4875,614,4870,768,14,58548,GMT+8
ticks,1499087007347000000,i1709,4870,4875,614,4870,771,4,58552,GMT+8
ticks,1499087007863000000,i1709,4875,4875,607,4870,758,28,58580,GMT+8
ticks,1499087008351000000,i1709,4870,4875,608,4870,758,6,58586,GMT+8
ticks,1499087008868000000,i1709,4875,4875,607,4870,759,2,58588,GMT+8
ticks,1499087009361000000,i1709,4875,4875,598,4870,784,10,58598,GMT+8
ticks,1499087009881000000,i1709,4875,4875,634,4870,781,30,58628,GMT+8
ticks,1499087010356000000,i1709,4870,4875,613,4870,777,54,58682,GMT+8
ticks,1499087010834000000,i1709,4870,4875,610,4870,763,40,58722,GMT+8
ticks,1499087011338000000,i1709,4870,4875,610,4870,765,4,58726,GMT+8
ticks,1499087011866000000,i1709,4875,4875,602,4870,765,20,58746,GMT+8
ticks,1499087012360000000,i1709,4870,4875,597,4870,753,38,58784,GMT+8
ticks,1499087012815000000,i1709,4875,4875,592,4870,754,12,58796,GMT+8
ticks,1499087013389000000,i1709,4875,4875,603,4870,723,36,58832,GMT+8
ticks,1499087013855000000,i1709,4870,4875,638,4870,720,8,58840,GMT+8
ticks,1499087014390000000,i1709,4870,4875,836,4870,719,6,58846,GMT+8
ticks,1499087014864000000,i1709,4875,4875,887,4870,711,8,58854,GMT+8
ticks,1499087015350000000,i1709,4870,4875,884,4870,693,24,58878,GMT+8
ticks,1499087015824000000,i1709,4875,4875,885,4870,668,14,58892,GMT+8
ticks,1499087016374000000,i1709,4875,4875,890,4870,669,6,58898,GMT+8
ticks,1499087016893000000,i1709,4875,4875,887,4870,671,6,58904,GMT+8
ticks,1499087017381000000,i1709,4875,4875,913,4870,670,2,58906,GMT+8
ticks,1499087017868000000,i1709,4875,4875,923,4870,671,0,58906,GMT+8
ticks,1499087018387000000,i1709,4870,4875,922,4870,665,6,58912,GMT+8
ticks,1499087018860000000,i1709,4875,4875,942,4870,665,4,58916,GMT+8
ticks,1499087019327000000,i1709,4870,4875,938,4870,665,12,58928,GMT+8
ticks,1499087019841000000,i1709,4875,4875,938,4870,672,10,58938,GMT+8
ticks,1499087020387000000,i1709,4875,4875,942,4870,676,4,58942,GMT+8
ticks,1499087020873000000,i1709,4875,4875,940,4870,676,2,58944,GMT+8
ticks,1499087021357000000,i1709,4870,4875,940,4870,657,42,58986,GMT+8
ticks,1499087021805000000,i1709,4870,4875,938,4870,767,0,58986,GMT+8
ticks,1499087022236000000,i1709,4870,4875,939,4870,751,4,58990,GMT+8
ticks,1499087022756000000,i1709,4875,4875,944,4870,757,24,59014,GMT+8
ticks,1499087023336000000,i1709,4870,4875,947,4870,750,18,59032,GMT+8
ticks,1499087023846000000,i1709,4875,4875,938,4870,749,22,59054,GMT+8
ticks,1499087024835000000,i1709,4875,4875,937,4870,757,2,59056,GMT+8
ticks,1499087025376000000,i1709,4875,4875,939,4870,759,2,59058,GMT+8
ticks,1499087025870000000,i1709,4870,4875,845,4870,755,12,59070,GMT+8
ticks,1499087026374000000,i1709,4875,4875,844,4870,758,4,59074,GMT+8
ticks,1499087026891000000,i1709,4875,4875,851,4870,758,2,59076,GMT+8
ticks,1499087027271000000,i1709,4870,4875,856,4870,764,10,59086,GMT+8
ticks,1499087027889000000,i1709,4875,4875,860,4870,762,4,59090,GMT+8
ticks,1499087028389000000,i1709,4870,4875,864,4870,756,20,59110,GMT+8
ticks,1499087028867000000,i1709,4870,4875,867,4870,769,16,59126,GMT+8
ticks,1499087029296000000,i1709,4875,4875,866,4870,779,4,59130,GMT+8
ticks,1499087029866000000,i1709,4875,4875,866,4870,781,0,59130,GMT+8
ticks,1499087030389000000,i1709,4870,4875,866,4870,774,16,59146,GMT+8
ticks,1499087030882000000,i1709,4870,4875,871,4870,768,12,59158,GMT+8
ticks,1499087031391000000,i1709,4875,4875,842,4870,767,56,59214,GMT+8
ticks,1499087031870000000,i1709,4870,4875,845,4870,765,6,59220,GMT+8
ticks,1499087032381000000,i1709,4870,4875,845,4870,766,0,59220,GMT+8
ticks,1499087032838000000,i1709,4875,4875,847,4870,786,4,59224,GMT+8
ticks,1499087033336000000,i1709,4875,4875,838,4870,799,28,59252,GMT+8
ticks,1499087033844000000,i1709,4870,4875,835,4870,799,6,59258,GMT+8
ticks,1499087034281000000,i1709,4870,4875,844,4870,799,0,59258,GMT+8
ticks,1499087034849000000,i1709,4875,4875,854,4870,802,20,59278,GMT+8
ticks,1499087035352000000,i1709,4870,4875,853,4870,801,6,59284,GMT+8
ticks,1499087035846000000,i1709,4870,4875,853,4870,799,4,59288,GMT+8
ticks,1499087036339000000,i1709,4870,4875,847,4870,800,0,59288,GMT+8
ticks,1499087036812000000,i1709,4875,4875,846,4870,860,2,59290,GMT+8
ticks,1499087037380000000,i1709,4875,4875,858,4870,876,28,59318,GMT+8
ticks,1499087037864000000,i1709,4870,4875,848,4870,883,26,59344,GMT+8
ticks,1499087038353000000,i1709,4875,4880,1220,4875,335,1634,60978,GMT+8
ticks,1499087038815000000,i1709,4875,4880,1209,4875,451,8,60986,GMT+8
ticks,1499087039380000000,i1709,4875,4880,1211,4875,503,2,60988,GMT+8
ticks,1499087039801000000,i1709,4875,4880,1210,4875,505,0,60988,GMT+8
ticks,1499087040363000000,i1709,4875,4880,1208,4875,531,10,60998,GMT+8
ticks,1499087040878000000,i1709,4880,4880,1219,4875,524,48,61046,GMT+8
ticks,1499087041372000000,i1709,4875,4880,1237,4875,473,182,61228,GMT+8
ticks,1499087041845000000,i1709,4875,4880,1508,4875,532,10,61238,GMT+8
ticks,1499087042343000000,i1709,4875,4880,1512,4875,516,36,61274,GMT+8
ticks,1499087042892000000,i1709,4880,4880,1511,4875,504,36,61310,GMT+8
ticks,1499087043392000000,i1709,4875,4880,1511,4875,503,8,61318,GMT+8
ticks,1499087043878000000,i1709,4880,4880,1560,4875,504,4,61322,GMT+8
ticks,1499087044394000000,i1709,4875,4880,1561,4875,507,12,61334,GMT+8
ticks,1499087044886000000,i1709,4880,4880,1555,4875,519,28,61362,GMT+8
ticks,1499087045380000000,i1709,4875,4880,1530,4875,502,86,61448,GMT+8
ticks,1499087045881000000,i1709,4880,4880,1533,4875,540,28,61476,GMT+8
ticks,1499087046354000000,i1709,4875,4880,1544,4875,549,32,61508,GMT+8
ticks,1499087046822000000,i1709,4875,4880,1542,4875,543,20,61528,GMT+8
ticks,1499087047264000000,i1709,4880,4880,1540,4875,545,6,61534,GMT+8
ticks,1499087047856000000,i1709,4875,4880,1555,4875,544,2,61536,GMT+8
ticks,1499087048390000000,i1709,4880,4880,1557,4875,544,4,61540,GMT+8
ticks,1499087048860000000,i1709,4880,4880,1559,4875,605,18,61558,GMT+8
ticks,1499087049341000000,i1709,4880,4880,1546,4875,598,36,61594,GMT+8
ticks,1499087049886000000,i1709,4880,4880,1541,4875,600,10,61604,GMT+8
ticks,1499087050320000000,i1709,4880,4880,1546,4875,601,2,61606,GMT+8
ticks,1499087050846000000,i1709,4880,4880,1542,4875,603,2,61608,GMT+8
ticks,1499087051362000000,i1709,4880,4880,1537,4875,602,10,61618,GMT+8
ticks,1499087051874000000,i1709,4875,4880,1529,4875,584,50,61668,GMT+8
ticks,1499087052294000000,i1709,4880,4880,1512,4875,590,6,61674,GMT+8
ticks,1499087052853000000,i1709,4875,4880,1510,4875,571,42,61716,GMT+8
ticks,1499087053393000000,i1709,4880,4880,1508,4875,594,4,61720,GMT+8
ticks,1499087053848000000,i1709,4875,4880,1510,4875,586,18,61738,GMT+8
ticks,1499087054343000000,i1709,4880,4880,1496,4875,578,48,61786,GMT+8
ticks,1499087054871000000,i1709,4880,4880,1491,4875,581,12,61798,GMT+8
ticks,1499087055321000000,i1709,4880,4880,1491,4875,590,10,61808,GMT+8
ticks,1499087055879000000,i1709,4880,4880,1508,4875,578,40,61848,GMT+8
ticks,1499087056365000000,i1709,4880,4880,1507,4875,588,4,61852,GMT+8
ticks,1499087056770000000,i1709,4875,4880,1500,4875,574,46,61898,GMT+8
ticks,1499087057354000000,i1709,4875,4880,1160,4875,832,682,62580,GMT+8
ticks,1499087057891000000,i1709,4880,4880,1180,4875,840,4,62584,GMT+8
ticks,1499087058337000000,i1709,4875,4880,1186,4875,1170,20,62604,GMT+8
ticks,1499087058800000000,i1709,4875,4880,1186,4875,1189,4,62608,GMT+8
ticks,1499087059353000000,i1709,4880,4880,1170,4875,1255,50,62658,GMT+8
ticks,1499087059808000000,i1709,4880,4880,1184,4875,1265,8,62666,GMT+8
ticks,1499087060357000000,i1709,4880,4880,1172,4875,1274,16,62682,GMT+8
ticks,1499087060799000000,i1709,4880,4880,1173,4875,1274,10,62692,GMT+8
ticks,1499087061323000000,i1709,4880,4880,1177,4875,1291,2,62694,GMT+8
ticks,1499087061822000000,i1709,4875,4880,1156,4875,1292,12,62706,GMT+8
ticks,1499087062366000000,i1709,4875,4880,1156,4875,1292,8,62714,GMT+8
ticks,1499087062787000000,i1709,4875,4880,1148,4875,1292,22,62736,GMT+8
ticks,1499087063328000000,i1709,4875,4880,1148,4875,1279,28,62764,GMT+8
ticks,1499087063815000000,i1709,4880,4880,1167,4875,1283,8,62772,GMT+8
ticks,1499087064334000000,i1709,4880,4880,1166,4875,1279,10,62782,GMT+8
ticks,1499087064863000000,i1709,4880,4880,1161,4875,1279,12,62794,GMT+8
ticks,1499087065384000000,i1709,4880,4880,1158,4875,1281,8,62802,GMT+8
ticks,1499087065854000000,i1709,4880,4880,1144,4875,1283,26,62828,GMT+8
ticks,1499087066350000000,i1709,4880,4880,1164,4875,1281,6,62834,GMT+8
ticks,1499087066894000000,i1709,4875,4880,1162,4875,1251,32,62866,GMT+8
ticks,1499087067387000000,i1709,4880,4880,1144,4875,1259,52,62918,GMT+8
ticks,1499087067882000000,i1709,4880,4880,1135,4875,1255,32,62950,GMT+8
ticks,1499087068372000000,i1709,4880,4880,1135,4875,1251,16,62966,GMT+8
ticks,1499087068839000000,i1709,4875,4880,1139,4875,1250,18,62984,GMT+8
ticks,1499087069363000000,i1709,4880,4880,1137,4875,1249,14,62998,GMT+8
ticks,1499087069822000000,i1709,4875,4880,1137,4875,1158,2,63000,GMT+8
ticks,1499087070383000000,i1709,4880,4880,1137,4875,975,56,63056,GMT+8
ticks,1499087070893000000,i1709,4875,4875,335,4870,816,1942,64998,GMT+8
ticks,1499087071308000000,i1709,4875,4875,652,4870,690,482,65480,GMT+8
ticks,1499087071843000000,i1709,4875,4875,689,4870,704,26,65506,GMT+8
ticks,1499087072382000000,i1709,4875,4875,697,4870,784,8,65514,GMT+8
ticks,1499087072881000000,i1709,4870,4875,691,4870,784,14,65528,GMT+8
ticks,1499087073375000000,i1709,4875,4875,689,4870,778,16,65544,GMT+8
ticks,1499087073856000000,i1709,4875,4875,684,4870,785,12,65556,GMT+8
ticks,1499087074379000000,i1709,4875,4875,682,4870,785,4,65560,GMT+8
ticks,1499087074786000000,i1709,4875,4875,677,4870,775,38,65598,GMT+8
ticks,1499087075322000000,i1709,4875,4875,656,4870,774,10,65608,GMT+8
ticks,1499087075891000000,i1709,4875,4875,689,4870,769,6,65614,GMT+8
ticks,1499087076391000000,i1709,4875,4875,691,4870,873,24,65638,GMT+8
ticks,1499087076893000000,i1709,4875,4875,678,4870,871,4,65642,GMT+8
ticks,1499087077380000000,i1709,4875,4875,676,4870,872,4,65646,GMT+8
ticks,1499087077890000000,i1709,4870,4875,718,4870,866,8,65654,GMT+8
ticks,1499087078383000000,i1709,4870,4875,687,4870,876,52,65706,GMT+8
ticks,1499087078874000000,i1709,4875,4875,555,4870,890,218,65924,GMT+8
ticks,1499087079393000000,i1709,4875,4880,1230,4875,472,1134,67058,GMT+8
ticks,1499087079894000000,i1709,4875,4880,1210,4875,719,40,67098,GMT+8
ticks,1499087080383000000,i1709,4875,4880,1211,4875,733,12,67110,GMT+8
ticks,1499087080816000000,i1709,4875,4880,1217,4875,743,2,67112,GMT+8
ticks,1499087081345000000,i1709,4875,4880,1220,4875,740,22,67134,GMT+8
ticks,1499087081883000000,i1709,4875,4880,1234,4875,737,10,67144,GMT+8
ticks,1499087082388000000,i1709,4875,4880,1234,4875,735,4,67148,GMT+8
ticks,1499087082835000000,i1709,4875,4880,1235,4875,737,4,67152,GMT+8
ticks,1499087083334000000,i1709,4880,4880,1234,4875,737,4,67156,GMT+8
ticks,1499087083873000000,i1709,4875,4880,1239,4875,726,34,67190,GMT+8
ticks,1499087084370000000,i1709,4875,4880,1244,4875,714,20,67210,GMT+8
ticks,1499087084890000000,i1709,4875,4880,1244,4875,711,6,67216,GMT+8
ticks,1499087085392000000,i1709,4875,4880,1249,4875,706,10,67226,GMT+8
ticks,1499087085849000000,i1709,4875,4880,1246,4875,662,78,67304,GMT+8
ticks,1499087086374000000,i1709,4875,4880,1249,4875,657,12,67316,GMT+8
ticks,1499087086671000000,i1709,4880,4880,1241,4875,658,44,67360,GMT+8
ticks,1499087087373000000,i1709,4875,4880,1240,4875,650,16,67376,GMT+8
ticks,1499087087878000000,i1709,4875,4880,1248,4875,650,4,67380,GMT+8
ticks,1499087088388000000,i1709,4880,4880,1236,4875,648,12,67392,GMT+8
ticks,1499087088882000000,i1709,4875,4880,1236,4875,639,26,67418,GMT+8
ticks,1499087089324000000,i1709,4875,4880,1237,4875,625,32,67450,GMT+8
ticks,1499087089879000000,i1709,4875,4880,1238,4875,620,4,67454,GMT+8
ticks,1499087090355000000,i1709,4880,4880,1235,4875,613,12,67466,GMT+8
ticks,1499087090878000000,i1709,4875,4880,1247,4875,597,6,67472,GMT+8
ticks,1499087091375000000,i1709,4880,4880,1246,4875,618,6,67478,GMT+8
ticks,1499087091891000000,i1709,4880,4880,1249,4875,618,2,67480,GMT+8
ticks,1499087092302000000,i1709,4875,4880,1345,4875,616,12,67492,GMT+8
ticks,1499087092875000000,i1709,4880,4880,1342,4875,613,26,67518,GMT+8
ticks,1499087093388000000,i1709,4875,4880,1344,4875,615,6,67524,GMT+8
ticks,1499087093826000000,i1709,4875,4880,1345,4875,612,6,67530,GMT+8
ticks,1499087094365000000,i1709,4880,4880,1360,4875,615,6,67536,GMT+8
ticks,1499087094892000000,i1709,4880,4880,1361,4875,613,2,67538,GMT+8
ticks,1499087095364000000,i1709,4875,4880,1371,4875,371,266,67804,GMT+8
ticks,1499087095891000000,i1709,4875,4880,1368,4875,318,8,67812,GMT+8
ticks,1499087096371000000,i1709,4880,4880,1370,4875,319,2,67814,GMT+8
ticks,1499087096853000000,i1709,4875,4880,1373,4875,310,20,67834,GMT+8
ticks,1499087097382000000,i1709,4880,4880,1821,4875,303,10,67844,GMT+8
ticks,1499087097851000000,i1709,4875,4880,1834,4875,285,50,67894,GMT+8
ticks,1499087098331000000,i1709,4875,4880,1838,4875,280,10,67904,GMT+8
ticks,1499087099378000000,i1709,4875,4880,1830,4875,278,40,67944,GMT+8
ticks,1499087099886000000,i1709,4875,4880,1830,4875,286,2,67946,GMT+8
ticks,1499087100367000000,i1709,4875,4880,1828,4875,272,32,67978,GMT+8
ticks,1499087100799000000,i1709,4875,4880,1834,4875,295,44,68022,GMT+8
ticks,1499087101361000000,i1709,4880,4880,1824,4875,293,24,68046,GMT+8
ticks,1499087101797000000,i1709,4875,4880,1828,4875,287,16,68062,GMT+8
ticks,1499087102344000000,i1709,4875,4880,1839,4875,262,54,68116,GMT+8
ticks,1499087102891000000,i1709,4875,4880,1835,4875,262,8,68124,GMT+8
ticks,1499087103377000000,i1709,4875,4880,1847,4875,262,10,68134,GMT+8
ticks,1499087103860000000,i1709,4875,4880,1846,4875,261,4,68138,GMT+8
ticks,1499087104337000000,i1709,4880,4880,1845,4875,262,6,68144,GMT+8
ticks,1499087104807000000,i1709,4880,4880,1851,4875,264,0,68144,GMT+8
ticks,1499087105309000000,i1709,4875,4875,351,4870,908,530,68674,GMT+8
ticks,1499087105848000000,i1709,4875,4875,395,4870,909,8,68682,GMT+8
ticks,1499087106358000000,i1709,4875,4875,402,4870,914,2,68684,GMT+8
ticks,1499087106868000000,i1709,4875,4875,413,4870,914,0,68684,GMT+8
ticks,1499087107299000000,i1709,4875,4875,452,4870,914,32,68716,GMT+8
ticks,1499087107886000000,i1709,4875,4875,453,4870,914,4,68720,GMT+8
ticks,1499087108312000000,i1709,4870,4875,453,4870,908,12,68732,GMT+8
ticks,1499087108810000000,i1709,4870,4875,461,4870,908,0,68732,GMT+8
ticks,1499087109377000000,i1709,4870,4875,461,4870,907,4,68736,GMT+8
ticks,1499087109890000000,i1709,4875,4875,464,4870,908,2,68738,GMT+8
ticks,1499087110386000000,i1709,4870,4875,456,4870,866,46,68784,GMT+8
ticks,1499087110882000000,i1709,4870,4875,462,4870,864,4,68788,GMT+8
ticks,1499087111393000000,i1709,4875,4875,453,4870,852,84,68872,GMT+8
ticks,1499087111867000000,i1709,4875,4875,469,4870,852,158,69030,GMT+8
ticks,1499087112321000000,i1709,4875,4875,489,4870,854,2,69032,GMT+8
ticks,1499087112883000000,i1709,4875,4875,437,4870,854,106,69138,GMT+8
ticks,1499087113383000000,i1709,4870,4875,446,4870,834,40,69178,GMT+8
ticks,1499087113868000000,i1709,4875,4875,456,4870,835,16,69194,GMT+8
ticks,1499087114382000000,i1709,4870,4875,456,4870,814,44,69238,GMT+8
ticks,1499087114869000000,i1709,4870,4875,459,4870,808,34,69272,GMT+8
ticks,1499087115240000000,i1709,4870,4875,462,4870,807,2,69274,GMT+8
ticks,1499087115877000000,i1709,4870,4875,465,4870,802,12,69286,GMT+8
ticks,1499087116153000000,i1709,4870,4875,476,4870,802,2,69288,GMT+8
ticks,1499087116874000000,i1709,4870,4875,476,4870,803,6,69294,GMT+8
ticks,1499087117369000000,i1709,4875,4875,475,4870,904,2,69296,GMT+8
ticks,1499087117875000000,i1709,4870,4875,519,4870,901,18,69314,GMT+8
ticks,1499087118328000000,i1709,4870,4875,532,4870,899,8,69322,GMT+8
ticks,1499087118878000000,i1709,4870,4875,523,4870,858,146,69468,GMT+8
ticks,1499087119381000000,i1709,4870,4875,542,4870,863,0,69468,GMT+8
ticks,1499087119881000000,i1709,4870,4875,525,4870,822,124,69592,GMT+8
ticks,1499087120374000000,i1709,4870,4875,520,4870,801,54,69646,GMT+8
ticks,1499087120856000000,i1709,4875,4875,522,4870,793,16,69662,GMT+8
ticks,1499087121373000000,i1709,4870,4875,521,4870,779,32,69694,GMT+8
ticks,1499087121846000000,i1709,4870,4875,569,4870,775,10,69704,GMT+8
ticks,1499087122352000000,i1709,4870,4875,574,4870,770,2,69706,GMT+8
ticks,1499087122816000000,i1709,4870,4875,583,4870,769,0,69706,GMT+8
ticks,1499087123368000000,i1709,4875,4875,615,4870,767,10,69716,GMT+8
ticks,1499087123857000000,i1709,4870,4875,616,4870,764,4,69720,GMT+8
ticks,1499087124365000000,i1709,4870,4875,625,4870,763,2,69722,GMT+8
ticks,1499087124891000000,i1709,4875,4875,628,4870,762,12,69734,GMT+8
ticks,1499087125376000000,i1709,4875,4875,631,4870,735,60,69794,GMT+8
ticks,1499087125851000000,i1709,4875,4875,643,4870,734,6,69800,GMT+8
ticks,1499087126361000000,i1709,4875,4875,643,4870,728,12,69812,GMT+8
ticks,1499087126864000000,i1709,4870,4875,673,4870,713,18,69830,GMT+8
ticks,1499087127394000000,i1709,4870,4875,684,4870,687,32,69862,GMT+8
ticks,1499087127818000000,i1709,4870,4875,678,4870,686,16,69878,GMT+8
ticks,1499087128320000000,i1709,4870,4875,698,4870,684,4,69882,GMT+8
ticks,1499087128802000000,i1709,4870,4875,698,4870,625,88,69970,GMT+8
ticks,1499087129385000000,i1709,4875,4875,746,4870,623,12,69982,GMT+8
ticks,1499087129860000000,i1709,4870,4875,748,4870,610,6,69988,GMT+8
ticks,1499087130336000000,i1709,4870,4875,748,4870,584,64,70052,GMT+8
ticks,1499087130843000000,i1709,4870,4875,784,4870,581,6,70058,GMT+8
ticks,1499087131393000000,i1709,4870,4875,787,4870,579,4,70062,GMT+8
ticks,1499087131863000000,i1709,4870,4875,789,4870,573,14,70076,GMT+8
ticks,1499087132372000000,i1709,4870,4875,788,4870,566,24,70100,GMT+8
ticks,1499087132885000000,i1709,4870,4875,787,4870,544,46,70146,GMT+8
ticks,1499087133388000000,i1709,4870,4875,785,4870,540,14,70160,GMT+8
ticks,1499087133868000000,i1709,4870,4875,790,4870,537,8,70168,GMT+8
ticks,1499087134345000000,i1709,4870,4875,724,4870,537,160,70328,GMT+8
ticks,1499087134864000000,i1709,4870,4875,727,4870,550,2,70330,GMT+8
ticks,1499087135386000000,i1709,4870,4875,739,4870,549,4,70334,GMT+8
ticks,1499087135782000000,i1709,4870,4875,739,4870,558,0,70334,GMT+8
ticks,1499087136394000000,i1709,4870,4875,741,4870,559,0,70334,GMT+8
ticks,1499087136893000000,i1709,4870,4875,744,4870,559,2,70336,GMT+8
ticks,1499087137357000000,i1709,4870,4875,1750,4870,445,8,70344,GMT+8
ticks,1499087137818000000,i1709,4870,4875,1751,4870,429,14,70358,GMT+8
ticks,1499087138381000000,i1709,4870,4875,1750,4870,422,18,70376,GMT+8
ticks,1499087138809000000,i1709,4870,4875,1751,4870,410,24,70400,GMT+8
ticks,1499087139383000000,i1709,4870,4875,1752,4870,413,10,70410,GMT+8
ticks,1499087139797000000,i1709,4870,4875,1753,4870,410,6,70416,GMT+8
ticks,1499087140293000000,i1709,4870,4875,1753,4870,376,68,70484,GMT+8
ticks,1499087140888000000,i1709,4870,4875,1755,4870,367,20,70504,GMT+8
ticks,1499087141394000000,i1709,4870,4875,2761,4870,53,604,71108,GMT+8
ticks,1499087141892000000,i1709,4870,4870,46,4865,1301,122,71230,GMT+8
ticks,1499087142379000000,i1709,4865,4870,299,4865,1301,62,71292,GMT+8
ticks,1499087142881000000,i1709,4870,4870,231,4865,1179,168,71460,GMT+8
ticks,1499087143382000000,i1709,4870,4870,1165,4865,1178,182,71642,GMT+8
ticks,1499087143887000000,i1709,4870,4870,1184,4865,1179,4,71646,GMT+8
ticks,1499087144329000000,i1709,4870,4870,1192,4865,1179,0,71646,GMT+8
ticks,1499087144836000000,i1709,4865,4870,1192,4865,1167,22,71668,GMT+8
ticks,1499087145360000000,i1709,4865,4870,1188,4865,1143,46,71714,GMT+8
ticks,1499087145829000000,i1709,4870,4870,1213,4865,1138,28,71742,GMT+8
ticks,1499087146386000000,i1709,4865,4870,1214,4865,1123,32,71774,GMT+8
ticks,1499087146883000000,i1709,4870,4870,1220,4865,1123,2,71776,GMT+8
ticks,1499087147392000000,i1709,4865,4870,1223,4865,1014,30,71806,GMT+8
ticks,1499087147864000000,i1709,4870,4870,1226,4865,1013,6,71812,GMT+8
ticks,1499087148368000000,i1709,4865,4870,1240,4865,1007,12,71824,GMT+8
ticks,1499087148841000000,i1709,4865,4870,1240,4865,1003,8,71832,GMT+8
ticks,1499087149345000000,i1709,4870,4870,1225,4865,999,36,71868,GMT+8
ticks,1499087149869000000,i1709,4865,4870,1226,4865,996,12,71880,GMT+8
ticks,1499087150388000000,i1709,4870,4870,1220,4865,1074,30,71910,GMT+8
ticks,1499087150885000000,i1709,4865,4870,1219,4865,1072,22,71932,GMT+8
ticks,1499087151393000000,i1709,4865,4870,1230,4865,1064,18,71950,GMT+8
ticks,1499087151830000000,i1709,4865,4870,1230,4865,1062,6,71956,GMT+8
ticks,1499087152344000000,i1709,4865,4870,1246,4865,993,118,72074,GMT+8
ticks,1499087152819000000,i1709,4865,4870,1245,4865,996,6,72080,GMT+8
ticks,1499087153361000000,i1709,4870,4870,1247,4865,989,14,72094,GMT+8
ticks,1499087153892000000,i1709,4865,4870,1318,4865,799,400,72494,GMT+8
ticks,1499087154392000000,i1709,4865,4870,1318,4865,796,8,72502,GMT+8
ticks,1499087154868000000,i1709,4865,4870,1323,4865,763,66,72568,GMT+8
ticks,1499087155302000000,i1709,4870,4870,1326,4865,678,108,72676,GMT+8
ticks,1499087155867000000,i1709,4865,4870,1340,4865,676,4,72680,GMT+8
ticks,1499087156368000000,i1709,4865,4870,1343,4865,673,4,72684,GMT+8
ticks,1499087156884000000,i1709,4865,4870,1344,4865,671,4,72688,GMT+8
ticks,1499087157352000000,i1709,4865,4870,1345,4865,446,150,72838,GMT+8
ticks,1499087157867000000,i1709,4865,4865,445,4860,1345,900,73738,GMT+8
ticks,1499087158387000000,i1709,4865,4865,625,4860,1329,6,73744,GMT+8
ticks,1499087158879000000,i1709,4865,4865,637,4860,1327,16,73760,GMT+8
ticks,1499087159373000000,i1709,4865,4865,607,4860,1327,24,73784,GMT+8
ticks,1499087159804000000,i1709,4865,4865,602,4860,1326,10,73794,GMT+8
ticks,1499087160337000000,i1709,4860,4865,568,4860,1326,6,73800,GMT+8
ticks,1499087160881000000,i1709,4865,4865,567,4860,1325,8,73808,GMT+8
ticks,1499087161366000000,i1709,4860,4865,567,4860,1318,30,73838,GMT+8
ticks,1499087161855000000,i1709,4860,4865,568,4860,1318,16,73854,GMT+8
ticks,1499087162334000000,i1709,4860,4865,568,4860,1319,4,73858,GMT+8
ticks,1499087162889000000,i1709,4860,4865,571,4860,1314,18,73876,GMT+8
ticks,1499087163329000000,i1709,4865,4870,1391,4865,213,996,74872,GMT+8
ticks,1499087163866000000,i1709,4865,4870,1345,4865,308,94,74966,GMT+8
ticks,1499087164389000000,i1709,4865,4870,1346,4865,386,34,75000,GMT+8
ticks,1499087164882000000,i1709,4865,4870,1325,4865,389,16,75016,GMT+8
ticks,1499087165392000000,i1709,4865,4870,1325,4865,387,8,75024,GMT+8
ticks,1499087165729000000,i1709,4865,4870,1325,4865,383,10,75034,GMT+8
ticks,1499087166344000000,i1709,4865,4870,1355,4865,480,2,75036,GMT+8
ticks,1499087166891000000,i1709,4865,4870,1357,4865,586,12,75048,GMT+8
ticks,1499087167359000000,i1709,4865,4870,1357,4865,704,10,75058,GMT+8
ticks,1499087167876000000,i1709,4865,4870,1361,4865,765,10,75068,GMT+8
ticks,1499087168381000000,i1709,4865,4870,1362,4865,737,66,75134,GMT+8
ticks,1499087168870000000,i1709,4865,4870,1565,4865,724,28,75162,GMT+8
ticks,1499087169379000000,i1709,4865,4870,1564,4865,721,10,75172,GMT+8
ticks,1499087169880000000,i1709,4865,4870,1564,4865,693,56,75228,GMT+8
ticks,1499087170374000000,i1709,4865,4870,1492,4865,693,2,75230,GMT+8
ticks,1499087170793000000,i1709,4865,4870,1480,4865,683,32,75262,GMT+8
ticks,1499087171379000000,i1709,4865,4870,1475,4865,703,0,75262,GMT+8
ticks,1499087171861000000,i1709,4865,4870,1475,4865,718,4,75266,GMT+8
ticks,1499087172377000000,i1709,4865,4870,1472,4865,723,8,75274,GMT+8
ticks,1499087172785000000,i1709,4865,4870,1471,4865,798,54,75328,GMT+8
ticks,1499087173390000000,i1709,4865,4870,1471,4865,777,42,75370,GMT+8
ticks,1499087173888000000,i1709,4865,4870,1474,4865,829,4,75374,GMT+8
ticks,1499087174387000000,i1709,4865,4870,1476,4865,824,10,75384,GMT+8
ticks,1499087174876000000,i1709,4865,4870,1153,4865,968,666,76050,GMT+8
ticks,1499087175355000000,i1709,4870,4870,1152,4865,1062,6,76056,GMT+8
ticks,1499087175860000000,i1709,4870,4870,1129,4865,1042,88,76144,GMT+8
ticks,1499087176302000000,i1709,4870,4870,1129,4865,1050,0,76144,GMT+8
ticks,1499087176863000000,i1709,4865,4870,1125,4865,1064,6,76150,GMT+8
ticks,1499087177149000000,i1709,4865,4870,1125,4865,1070,0,76150,GMT+8
ticks,1499087177858000000,i1709,4870,4870,1122,4865,1125,10,76160,GMT+8
ticks,1499087178315000000,i1709,4870,4870,1120,4865,1135,0,76160,GMT+8
ticks,1499087178879000000,i1709,4870,4870,1091,4865,1138,52,76212,GMT+8
ticks,1499087179310000000,i1709,4865,4870,1091,4865,1137,2,76214,GMT+8
ticks,1499087179880000000,i1709,4870,4870,1084,4865,1145,14,76228,GMT+8
ticks,1499087180369000000,i1709,4865,4870,1083,4865,1135,24,76252,GMT+8
ticks,1499087180869000000,i1709,4865,4870,1081,4865,1132,16,76268,GMT+8
ticks,1499087181357000000,i1709,4865,4870,1080,4865,1132,4,76272,GMT+8
ticks,1499087181870000000,i1709,4870,4870,1075,4865,1137,2,76274,GMT+8
ticks,1499087182390000000,i1709,4870,4870,1077,4865,1142,4,76278,GMT+8
ticks,1499087182825000000,i1709,4870,4870,1072,4865,1135,22,76300,GMT+8
ticks,1499087183345000000,i1709,4870,4870,1073,4865,1148,2,76302,GMT+8
ticks,1499087183894000000,i1709,4865,4870,1074,4865,1148,4,76306,GMT+8
ticks,1499087184371000000,i1709,4865,4870,1075,4865,1149,0,76306,GMT+8
ticks,1499087184882000000,i1709,4870,4870,982,4865,1149,308,76614,GMT+8
ticks,1499087185329000000,i1709,4870,4870,979,4865,1153,4,76618,GMT+8
ticks,1499087185884000000,i1709,4870,4870,956,4865,1154,46,76664,GMT+8
ticks,1499087186367000000,i1709,4870,4870,917,4865,1156,66,76730,GMT+8
ticks,1499087186840000000,i1709,4870,4870,851,4865,1158,146,76876,GMT+8
ticks,1499087187383000000,i1709,4870,4870,781,4865,1161,136,77012,GMT+8
ticks,1499087187875000000,i1709,4870,4870,779,4865,1169,4,77016,GMT+8
ticks,1499087188388000000,i1709,4870,4870,777,4865,1136,2,77018,GMT+8
ticks,1499087188863000000,i1709,4865,4870,795,4865,1132,18,77036,GMT+8
ticks,1499087189229000000,i1709,4865,4870,795,4865,1160,4,77040,GMT+8
ticks,1499087189839000000,i1709,4870,4870,792,4865,1164,2,77042,GMT+8
ticks,1499087190350000000,i1709,4865,4870,795,4865,1165,6,77048,GMT+8
ticks,1499087190749000000,i1709,4870,4870,801,4865,1166,2,77050,GMT+8
ticks,1499087191323000000,i1709,4865,4870,803,4865,1162,14,77064,GMT+8
ticks,1499087191865000000,i1709,4870,4870,796,4865,1163,14,77078,GMT+8
ticks,1499087192364000000,i1709,4870,4870,797,4865,1166,4,77082,GMT+8
ticks,1499087192869000000,i1709,4870,4870,805,4865,1167,14,77096,GMT+8
ticks,1499087193376000000,i1709,4865,4870,802,4865,1117,100,77196,GMT+8
ticks,1499087193893000000,i1709,4870,4870,796,4865,1116,16,77212,GMT+8
ticks,1499087194292000000,i1709,4870,4870,786,4865,1114,20,77232,GMT+8
ticks,1499087194887000000,i1709,4870,4870,750,4865,1113,72,77304,GMT+8
ticks,1499087195383000000,i1709,4870,4870,751,4865,1106,18,77322,GMT+8
ticks,1499087195857000000,i1709,4870,4870,747,4865,1105,12,77334,GMT+8
ticks,1499087196386000000,i1709,4870,4870,746,4865,1108,8,77342,GMT+8
ticks,1499087196869000000,i1709,4870,4870,742,4865,1114,8,77350,GMT+8
ticks,1499087197393000000,i1709,4870,4870,746,4865,1113,10,77360,GMT+8
ticks,1499087197871000000,i1709,4870,4870,740,4865,1113,22,77382,GMT+8
ticks,1499087198376000000,i1709,4865,4870,742,4865,1113,2,77384,GMT+8
ticks,1499087198792000000,i1709,4865,4870,758,4865,1114,0,77384,GMT+8
ticks,1499087199373000000,i1709,4870,4870,924,4865,1122,28,77412,GMT+8
ticks,1499087199882000000,i1709,4865,4870,921,4865,1118,12,77424,GMT+8
ticks,1499087200238000000,i1709,4870,4870,920,4865,1119,2,77426,GMT+8
ticks,1499087200874000000,i1709,4870,4870,921,4865,1065,14,77440,GMT+8
ticks,1499087201390000000,i1709,4865,4870,1000,4865,1063,4,77444,GMT+8
ticks,1499087201855000000,i1709,4870,4870,1007,4865,1063,4,77448,GMT+8
ticks,1499087202339000000,i1709,4870,4870,1027,4865,1076,18,77466,GMT+8
ticks,1499087202824000000,i1709,4865,4870,1080,4865,1075,2,77468,GMT+8
ticks,1499087203363000000,i1709,4870,4870,1079,4865,975,202,77670,GMT+8
ticks,1499087203861000000,i1709,4865,4870,1085,4865,974,2,77672,GMT+8
ticks,1499087204311000000,i1709,4865,4870,982,4865,972,214,77886,GMT+8
ticks,1499087204767000000,i1709,4870,4870,987,4865,972,2,77888,GMT+8
ticks,1499087205385000000,i1709,4865,4870,985,4865,969,10,77898,GMT+8
ticks,1499087205887000000,i1709,4870,4870,985,4865,969,2,77900,GMT+8
ticks,1499087206395000000,i1709,4870,4870,981,4865,970,8,77908,GMT+8
ticks,1499087206868000000,i1709,4865,4870,981,4865,968,2,77910,GMT+8
ticks,1499087207359000000,i1709,4865,4870,977,4865,963,10,77920,GMT+8
ticks,1499087207882000000,i1709,4865,4870,976,4865,963,6,77926,GMT+8
ticks,1499087208393000000,i1709,4870,4870,975,4865,961,4,77930,GMT+8
ticks,1499087208881000000,i1709,4870,4870,973,4865,961,6,77936,GMT+8
ticks,1499087209377000000,i1709,4865,4870,973,4865,950,22,77958,GMT+8
ticks,1499087209817000000,i1709,4865,4870,971,4865,950,8,77966,GMT+8
ticks,1499087210338000000,i1709,4865,4870,973,4865,951,0,77966,GMT+8
ticks,1499087210638000000,i1709,4865,4870,973,4865,948,6,77972,GMT+8
ticks,1499087211245000000,i1709,4870,4870,974,4865,941,16,77988,GMT+8
ticks,1499087211857000000,i1709,4870,4870,981,4865,962,2,77990,GMT+8
ticks,1499087212200000000,i1709,4865,4870,1107,4865,1062,2,77992,GMT+8
ticks,1499087212700000000,i1709,4870,4870,1106,4865,1064,2,77994,GMT+8
ticks,1499087213380000000,i1709,4865,4870,1103,4865,1083,8,78002,GMT+8
ticks,1499087213894000000,i1709,4870,4870,1104,4865,1084,2,78004,GMT+8
ticks,1499087214296000000,i1709,4870,4870,1103,4865,1085,0,78004,GMT+8
ticks,1499087214873000000,i1709,4870,4870,1101,4865,1083,6,78010,GMT+8
ticks,1499087215367000000,i1709,4870,4870,1105,4865,1087,2,78012,GMT+8
ticks,1499087215889000000,i1709,4870,4870,910,4865,1089,406,78418,GMT+8
ticks,1499087216383000000,i1709,4870,4870,910,4865,1094,2,78420,GMT+8
ticks,1499087216895000000,i1709,4865,4870,915,4865,1099,10,78430,GMT+8
ticks,1499087217377000000,i1709,4865,4870,915,4865,1096,4,78434,GMT+8
ticks,1499087217860000000,i1709,4870,4870,914,4865,1097,12,78446,GMT+8
ticks,1499087218316000000,i1709,4870,4870,911,4865,1097,8,78454,GMT+8
ticks,1499087218880000000,i1709,4870,4870,910,4865,1097,4,78458,GMT+8
ticks,1499087219357000000,i1709,4870,4870,1012,4865,1097,0,78458,GMT+8
ticks,1499087219864000000,i1709,4865,4870,1018,4865,1091,16,78474,GMT+8
ticks,1499087220374000000,i1709,4870,4870,1015,4865,1092,6,78480,GMT+8
ticks,1499087220747000000,i1709,4870,4870,1034,4865,1094,4,78484,GMT+8
ticks,1499087221325000000,i1709,4870,4870,1041,4865,1095,10,78494,GMT+8
ticks,1499087221882000000,i1709,4870,4870,1040,4865,1099,4,78498,GMT+8
ticks,1499087222259000000,i1709,4870,4870,1039,4865,1100,6,78504,GMT+8
ticks,1499087222838000000,i1709,4870,4870,989,4865,1097,100,78604,GMT+8
ticks,1499087223381000000,i1709,4870,4870,993,4865,1100,2,78606,GMT+8
ticks,1499087223837000000,i1709,4870,4870,990,4865,1101,8,78614,GMT+8
ticks,1499087224354000000,i1709,4870,4870,990,4865,1105,0,78614,GMT+8
ticks,1499087224877000000,i1709,4870,4870,994,4865,1111,2,78616,GMT+8
ticks,1499087225307000000,i1709,4865,4870,995,4865,1110,2,78618,GMT+8
ticks,1499087225805000000,i1709,4870,4870,993,4865,1112,8,78626,GMT+8
ticks,1499087226282000000,i1709,4870,4870,993,4865,1113,0,78626,GMT+8
ticks,1499087226888000000,i1709,4870,4870,993,4865,1119,0,78626,GMT+8
ticks,1499087227343000000,i1709,4865,4870,993,4865,1116,6,78632,GMT+8
ticks,1499087227872000000,i1709,4865,4870,996,4865,1124,0,78632,GMT+8
ticks,1499087228315000000,i1709,4870,4870,998,4865,1125,2,78634,GMT+8
ticks,1499087228851000000,i1709,4870,4870,999,4865,1125,2,78636,GMT+8
ticks,1499087229366000000,i1709,4870,4870,991,4865,1125,18,78654,GMT+8
ticks,1499087229861000000,i1709,4870,4870,990,4865,1132,8,78662,GMT+8
ticks,1499087230347000000,i1709,4870,4870,982,4865,1143,18,78680,GMT+8
ticks,1499087230889000000,i1709,4865,4870,975,4865,1134,36,78716,GMT+8
ticks,1499087231822000000,i1709,4865,4870,973,4865,1131,12,78728,GMT+8
ticks,1499087232883000000,i1709,4865,4870,972,4865,1130,2,78730,GMT+8
ticks,1499087233373000000,i1709,4870,4870,965,4865,1145,14,78744,GMT+8
ticks,1499087233888000000,i1709,4870,4870,970,4865,1151,6,78750,GMT+8
ticks,1499087234356000000,i1709,4870,4870,958,4865,1151,24,78774,GMT+8
ticks,1499087234783000000,i1709,4870,4870,933,4865,1150,52,78826,GMT+8
ticks,1499087235382000000,i1709,4870,4870,934,4865,1150,0,78826,GMT+8
ticks,1499087235878000000,i1709,4870,4870,930,4865,1150,8,78834,GMT+8
ticks,1499087236195000000,i1709,4870,4870,916,4865,1150,26,78860,GMT+8
ticks,1499087236802000000,i1709,4870,4870,917,4865,1150,2,78862,GMT+8
ticks,1499087237346000000,i1709,4870,4870,918,4865,1140,0,78862,GMT+8
ticks,1499087237785000000,i1709,4870,4870,919,4865,1141,2,78864,GMT+8
ticks,1499087238324000000,i1709,4870,4870,915,4865,1140,8,78872,GMT+8
ticks,1499087238870000000,i1709,4870,4870,916,4865,1140,0,78872,GMT+8
ticks,1499087239343000000,i1709,4870,4870,905,4865,1143,2,78874,GMT+8
ticks,1499087239892000000,i1709,4870,4870,827,4865,1143,8,78882,GMT+8
ticks,1499087240385000000,i1709,4870,4870,761,4865,1144,124,79006,GMT+8
ticks,1499087240874000000,i1709,4870,4870,670,4865,1142,162,79168,GMT+8
ticks,1499087241369000000,i1709,4870,4875,2955,4870,480,1342,80510,GMT+8
ticks,1499087241850000000,i1709,4870,4875,2835,4870,577,0,80510,GMT+8
ticks,1499087242387000000,i1709,4870,4875,2837,4870,584,4,80514,GMT+8
ticks,1499087242872000000,i1709,4870,4875,2797,4870,587,4,80518,GMT+8
ticks,1499087243341000000,i1709,4875,4875,2753,4870,698,2,80520,GMT+8
ticks,1499087243847000000,i1709,4870,4875,2734,4870,697,6,80526,GMT+8
ticks,1499087244312000000,i1709,4870,4875,2736,4870,703,0,80526,GMT+8
ticks,1499087244864000000,i1709,4870,4875,2736,4870,702,2,80528,GMT+8
ticks,1499087245377000000,i1709,4870,4875,2735,4870,713,0,80528,GMT+8
ticks,1499087245801000000,i1709,4875,4875,2730,4870,713,20,80548,GMT+8
ticks,1499087246385000000,i1709,4875,4875,2733,4870,713,0,80548,GMT+8
ticks,1499087246861000000,i1709,4875,4875,2681,4870,716,102,80650,GMT+8
ticks,1499087247310000000,i1709,4870,4875,2681,4870,732,2,80652,GMT+8
ticks,1499087247847000000,i1709,4870,4875,2681,4870,642,2,80654,GMT+8
ticks,1499087248393000000,i1709,4870,4875,2687,4870,553,16,80670,GMT+8
ticks,1499087248884000000,i1709,4875,4875,2692,4870,553,4,80674,GMT+8
ticks,1499087249216000000,i1709,4875,4875,2682,4870,553,10,80684,GMT+8
ticks,1499087249859000000,i1709,4875,4875,2679,4870,554,6,80690,GMT+8
ticks,1499087250361000000,i1709,4875,4875,2680,4870,554,12,80702,GMT+8
ticks,1499087250895000000,i1709,4875,4875,2673,4870,619,34,80736,GMT+8
ticks,1499087251342000000,i1709,4870,4875,2674,4870,619,4,80740,GMT+8
ticks,1499087251830000000,i1709,4870,4875,2673,4870,623,0,80740,GMT+8
ticks,1499087252320000000,i1709,4875,4875,2671,4870,625,4,80744,GMT+8
ticks,1499087252894000000,i1709,4875,4875,2668,4870,647,8,80752,GMT+8
ticks,1499087253806000000,i1709,4870,4875,2668,4870,656,2,80754,GMT+8
ticks,1499087254338000000,i1709,4870,4875,2672,4870,405,206,80960,GMT+8
ticks,1499087254864000000,i1709,4870,4870,812,4865,1157,826,81786,GMT+8
ticks,1499087255394000000,i1709,4870,4870,955,4865,1156,4,81790,GMT+8
ticks,1499087255876000000,i1709,4870,4870,1001,4865,1160,60,81850,GMT+8
ticks,1499087256231000000,i1709,4870,4870,1001,4865,1160,2,81852,GMT+8
ticks,1499087256853000000,i1709,4870,4870,488,4865,1162,32,81884,GMT+8
ticks,1499087257312000000,i1709,4870,4870,487,4865,1162,2,81886,GMT+8
ticks,1499087257817000000,i1709,4870,4870,485,4865,1162,4,81890,GMT+8
ticks,1499087258387000000,i1709,4870,4870,474,4865,1162,22,81912,GMT+8
ticks,1499087258827000000,i1709,4870,4870,507,4865,1163,8,81920,GMT+8
ticks,1499087259332000000,i1709,4870,4870,496,4865,1163,34,81954,GMT+8
ticks,1499087259886000000,i1709,4870,4870,456,4865,1160,4,81958,GMT+8
ticks,1499087260379000000,i1709,4870,4870,453,4865,1160,6,81964,GMT+8
ticks,1499087260878000000,i1709,4870,4870,451,4865,1160,8,81972,GMT+8
ticks,1499087261365000000,i1709,4870,4870,396,4865,1148,134,82106,GMT+8
ticks,1499087261826000000,i1709,4870,4870,390,4865,1148,12,82118,GMT+8
ticks,1499087262334000000,i1709,4870,4870,383,4865,1152,16,82134,GMT+8
ticks,1499087262816000000,i1709,4870,4870,396,4865,1152,14,82148,GMT+8
ticks,1499087263383000000,i1709,4870,4870,387,4865,1156,24,82172,GMT+8
ticks,1499087263881000000,i1709,4870,4870,382,4865,1159,14,82186,GMT+8
ticks,1499087264336000000,i1709,4870,4870,344,4865,1161,36,82222,GMT+8
ticks,1499087264670000000,i1709,4870,4870,337,4865,1161,16,82238,GMT+8
ticks,1499087265360000000,i1709,4870,4870,339,4865,1161,0,82238,GMT+8
ticks,1499087265825000000,i1709,4870,4870,239,4865,1161,200,82438,GMT+8
ticks,1499087266373000000,i1709,4870,4870,166,4865,1163,142,82580,GMT+8
ticks,1499087266839000000,i1709,4870,4875,2861,4870,179,336,82916,GMT+8
ticks,1499087267384000000,i1709,4870,4875,2741,4870,302,10,82926,GMT+8
ticks,1499087267855000000,i1709,4870,4875,2739,4870,305,6,82932,GMT+8
ticks,1499087268296000000,i1709,4870,4875,2735,4870,302,6,82938,GMT+8
ticks,1499087268792000000,i1709,4870,4875,2735,4870,331,4,82942,GMT+8
ticks,1499087269330000000,i1709,4870,4875,2734,4870,277,110,83052,GMT+8
ticks,1499087269889000000,i1709,4870,4875,2733,4870,275,4,83056,GMT+8
ticks,1499087270320000000,i1709,4870,4875,2729,4870,274,4,83060,GMT+8
ticks,1499087270884000000,i1709,4875,4875,2726,4870,276,4,83064,GMT+8
ticks,1499087271233000000,i1709,4870,4875,2726,4870,276,4,83068,GMT+8
ticks,1499087271804000000,i1709,4870,4875,2757,4870,285,12,83080,GMT+8
ticks,1499087272355000000,i1709,4870,4875,2753,4870,291,0,83080,GMT+8
ticks,1499087272889000000,i1709,4870,4875,2755,4870,395,2,83082,GMT+8
ticks,1499087273384000000,i1709,4870,4875,2754,4870,401,24,83106,GMT+8
ticks,1499087273873000000,i1709,4870,4875,2735,4870,443,2,83108,GMT+8
ticks,1499087274336000000,i1709,4875,4875,2735,4870,446,12,83120,GMT+8
ticks,1499087274794000000,i1709,4875,4875,2733,4870,444,6,83126,GMT+8
ticks,1499087275276000000,i1709,4870,4875,2733,4870,467,4,83130,GMT+8
ticks,1499087275878000000,i1709,4870,4875,2734,4870,478,0,83130,GMT+8
ticks,1499087276378000000,i1709,4870,4875,2733,4870,476,12,83142,GMT+8
ticks,1499087276888000000,i1709,4870,4875,2730,4870,495,10,83152,GMT+8
ticks,1499087277246000000,i1709,4875,4875,2730,4870,495,2,83154,GMT+8
ticks,1499087277803000000,i1709,4875,4875,2699,4870,504,62,83216,GMT+8
ticks,1499087278380000000,i1709,4875,4875,2698,4870,513,0,83216,GMT+8
ticks,1499087278844000000,i1709,4875,4875,2696,4870,514,4,83220,GMT+8
ticks,1499087279394000000,i1709,4870,4875,2703,4870,518,10,83230,GMT+8
ticks,1499087279840000000,i1709,4870,4875,2712,4870,524,0,83230,GMT+8
ticks,1499087280391000000,i1709,4870,4875,2709,4870,526,6,83236,GMT+8
ticks,1499087280895000000,i1709,4875,4875,2683,4870,550,6,83242,GMT+8
ticks,1499087281373000000,i1709,4875,4875,2680,4870,555,2,83244,GMT+8
ticks,1499087281825000000,i1709,4870,4875,2572,4870,556,6,83250,GMT+8
ticks,1499087282894000000,i1709,4875,4875,2550,4870,562,46,83296,GMT+8
ticks,1499087283394000000,i1709,4875,4875,2546,4870,567,6,83302,GMT+8
ticks,1499087283886000000,i1709,4870,4875,2545,4870,556,6,83308,GMT+8
ticks,1499087284378000000,i1709,4870,4875,2612,4870,547,20,83328,GMT+8
ticks,1499087284895000000,i1709,4875,4875,2579,4870,647,64,83392,GMT+8
ticks,1499087285368000000,i1709,4875,4875,2577,4870,717,4,83396,GMT+8
ticks,1499087285874000000,i1709,4870,4875,2601,4870,211,958,84354,GMT+8
ticks,1499087286396000000,i1709,4870,4870,522,4865,1355,458,84812,GMT+8
ticks,1499087286850000000,i1709,4870,4870,565,4865,1242,22,84834,GMT+8
ticks,1499087287366000000,i1709,4870,4870,621,4865,1231,16,84850,GMT+8
ticks,1499087287865000000,i1709,4865,4870,622,4865,1238,6,84856,GMT+8
ticks,1499087288368000000,i1709,4870,4870,649,4865,1240,12,84868,GMT+8
ticks,1499087288885000000,i1709,4870,4870,673,4865,1227,0,84868,GMT+8
ticks,1499087289393000000,i1709,4870,4870,705,4865,1228,6,84874,GMT+8
ticks,1499087289888000000,i1709,4870,4870,705,4865,1228,2,84876,GMT+8
ticks,1499087290368000000,i1709,4870,4870,740,4865,1227,6,84882,GMT+8
ticks,1499087290813000000,i1709,4870,4870,736,4865,1227,8,84890,GMT+8
ticks,1499087291347000000,i1709,4870,4870,743,4865,1228,6,84896,GMT+8
ticks,1499087291886000000,i1709,4870,4870,742,4865,1228,2,84898,GMT+8
ticks,1499087292372000000,i1709,4870,4870,737,4865,1234,16,84914,GMT+8
ticks,1499087292800000000,i1709,4870,4870,737,4865,1237,0,84914,GMT+8
ticks,1499087293154000000,i1709,4870,4870,732,4865,1242,10,84924,GMT+8
ticks,1499087293868000000,i1709,4870,4870,725,4865,1242,14,84938,GMT+8
ticks,1499087294375000000,i1709,4865,4870,735,4865,1239,10,84948,GMT+8
ticks,1499087294891000000,i1709,4865,4870,735,4865,1235,10,84958,GMT+8
ticks,1499087295340000000,i1709,4865,4870,747,4865,1237,18,84976,GMT+8
ticks,1499087295883000000,i1709,4870,4870,742,4865,1238,12,84988,GMT+8
ticks,1499087296379000000,i1709,4870,4870,737,4865,1235,24,85012,GMT+8
ticks,1499087296799000000,i1709,4870,4870,681,4865,1250,122,85134,GMT+8
ticks,1499087297375000000,i1709,4870,4870,686,4865,1253,0,85134,GMT+8
ticks,1499087297716000000,i1709,4870,4870,686,4865,1253,2,85136,GMT+8
ticks,1499087298394000000,i1709,4865,4870,688,4865,1217,8,85144,GMT+8
ticks,1499087298473000000,i1709,4870,4870,689,4865,1217,2,85146,GMT+8
ticks,1499087299335000000,i1709,4870,4870,673,4865,1218,42,85188,GMT+8
ticks,1499087299884000000,i1709,4870,4870,720,4865,1218,2,85190,GMT+8
ticks,1499087300385000000,i1709,4870,4870,722,4865,1216,14,85204,GMT+8
ticks,1499087300842000000,i1709,4865,4870,731,4865,1217,10,85214,GMT+8
ticks,1499087301363000000,i1709,4870,4870,730,4865,1217,2,85216,GMT+8
ticks,1499087301858000000,i1709,4870,4870,736,4865,1217,16,85232,GMT+8
ticks,1499087302384000000,i1709,4870,4870,730,4865,1224,16,85248,GMT+8
ticks,1499087302819000000,i1709,4865,4870,730,4865,1222,4,85252,GMT+8
ticks,1499087303376000000,i1709,4870,4870,829,4865,1222,24,85276,GMT+8
ticks,1499087303871000000,i1709,4870,4870,827,4865,1220,8,85284,GMT+8
ticks,1499087304820000000,i1709,4870,4870,827,4865,1222,0,85284,GMT+8
ticks,1499087305300000000,i1709,4865,4870,827,4865,1218,8,85292,GMT+8
ticks,1499087305772000000,i1709,4870,4870,836,4865,1207,2,85294,GMT+8
ticks,1499087306308000000,i1709,4865,4870,986,4865,825,870,86164,GMT+8
ticks,1499087306879000000,i1709,4865,4870,987,4865,825,0,86164,GMT+8
ticks,1499087307358000000,i1709,4870,4870,171,4865,981,1382,87546,GMT+8
ticks,1499087307860000000,i1709,4870,4870,177,4865,964,0,87546,GMT+8
ticks,1499087308357000000,i1709,4865,4870,232,4865,963,2,87548,GMT+8
ticks,1499087308870000000,i1709,4865,4870,393,4865,961,4,87552,GMT+8
ticks,1499087309352000000,i1709,4865,4870,496,4865,961,2,87554,GMT+8
ticks,1499087309850000000,i1709,4865,4870,571,4865,957,32,87586,GMT+8
ticks,1499087310359000000,i1709,4865,4870,576,4865,959,2,87588,GMT+8
ticks,1499087310885000000,i1709,4865,4870,577,4865,945,28,87616,GMT+8
ticks,1499087311288000000,i1709,4865,4870,488,4865,945,0,87616,GMT+8
ticks,1499087311886000000,i1709,4865,4870,485,4865,940,0,87616,GMT+8
ticks,1499087312350000000,i1709,4865,4870,484,4865,934,16,87632,GMT+8
ticks,1499087312892000000,i1709,4865,4870,484,4865,931,8,87640,GMT+8
ticks,1499087313195000000,i1709,4865,4870,496,4865,928,0,87640,GMT+8
ticks,1499087313802000000,i1709,4865,4870,394,4865,927,8,87648,GMT+8
ticks,1499087314362000000,i1709,4865,4870,358,4865,928,0,87648,GMT+8
ticks,1499087314894000000,i1709,4870,4870,347,4865,931,8,87656,GMT+8
ticks,1499087315396000000,i1709,4870,4870,87,4865,933,490,88146,GMT+8
ticks,1499087315888000000,i1709,4870,4875,2604,4870,397,178,88324,GMT+8
ticks,1499087316395000000,i1709,4870,4875,2605,4870,491,34,88358,GMT+8
ticks,1499087316804000000,i1709,4870,4875,2604,4870,486,10,88368,GMT+8
ticks,1499087317308000000,i1709,4870,4875,2589,4870,494,4,88372,GMT+8
ticks,1499087317891000000,i1709,4870,4875,2587,4870,500,10,88382,GMT+8
ticks,1499087318202000000,i1709,4870,4875,2586,4870,534,2,88384,GMT+8
ticks,1499087318892000000,i1709,4870,4875,2585,4870,549,0,88384,GMT+8
ticks,1499087319348000000,i1709,4870,4875,2585,4870,529,0,88384,GMT+8
ticks,1499087319896000000,i1709,4870,4875,2585,4870,527,4,88388,GMT+8
ticks,1499087320302000000,i1709,4875,4875,2582,4870,580,6,88394,GMT+8
ticks,1499087320802000000,i1709,4870,4875,2582,4870,576,20,88414,GMT+8
ticks,1499087321280000000,i1709,4870,4875,2582,4870,581,6,88420,GMT+8
ticks,1499087321897000000,i1709,4870,4875,2583,4870,553,4,88424,GMT+8
ticks,1499087322396000000,i1709,4870,4875,2585,4870,549,0,88424,GMT+8
ticks,1499087322894000000,i1709,4870,4875,2486,4870,542,208,88632,GMT+8
ticks,1499087323249000000,i1709,4870,4875,2484,4870,544,4,88636,GMT+8
ticks,1499087323858000000,i1709,4875,4875,2482,4870,553,2,88638,GMT+8
ticks,1499087324367000000,i1709,4875,4875,2481,4870,553,0,88638,GMT+8
ticks,1499087324841000000,i1709,4870,4875,2487,4870,548,14,88652,GMT+8
ticks,1499087325367000000,i1709,4870,4875,2487,4870,569,24,88676,GMT+8
ticks,1499087325802000000,i1709,4870,4875,2492,4870,489,4,88680,GMT+8
ticks,1499087326395000000,i1709,4875,4875,2490,4870,490,4,88684,GMT+8
ticks,1499087326877000000,i1709,4870,4870,813,4865,957,1010,89694,GMT+8
ticks,1499087327359000000,i1709,4865,4870,905,4865,954,10,89704,GMT+8
ticks,1499087327864000000,i1709,4870,4870,933,4865,953,8,89712,GMT+8
ticks,1499087328373000000,i1709,4865,4870,944,4865,951,28,89740,GMT+8
ticks,1499087328851000000,i1709,4870,4870,942,4865,962,4,89744,GMT+8
ticks,1499087329324000000,i1709,4865,4870,952,4865,961,2,89746,GMT+8
ticks,1499087329864000000,i1709,4870,4870,950,4865,962,4,89750,GMT+8
ticks,1499087330387000000,i1709,4870,4870,948,4865,962,4,89754,GMT+8
ticks,1499087330866000000,i1709,4870,4870,947,4865,964,2,89756,GMT+8
ticks,1499087331395000000,i1709,4870,4870,947,4865,967,14,89770,GMT+8
ticks,1499087331888000000,i1709,4865,4870,947,4865,967,2,89772,GMT+8
ticks,1499087332301000000,i1709,4865,4870,946,4865,962,16,89788,GMT+8
ticks,1499087332878000000,i1709,4870,4870,862,4865,974,168,89956,GMT+8
ticks,1499087333374000000,i1709,4870,4870,866,4865,989,4,89960,GMT+8
ticks,1499087333742000000,i1709,4865,4870,865,4865,989,4,89964,GMT+8
ticks,1499087334355000000,i1709,4870,4870,928,4865,988,6,89970,GMT+8
ticks,1499087334863000000,i1709,4870,4870,922,4865,990,12,89982,GMT+8
ticks,1499087335313000000,i1709,4870,4870,922,4865,993,2,89984,GMT+8
ticks,1499087335840000000,i1709,4870,4870,923,4865,992,0,89984,GMT+8
ticks,1499087336391000000,i1709,4865,4870,923,4865,990,4,89988,GMT+8
ticks,1499087336795000000,i1709,4870,4870,921,4865,989,6,89994,GMT+8
ticks,1499087337206000000,i1709,4870,4870,941,4865,991,2,89996,GMT+8
ticks,1499087338371000000,i1709,4870,4870,939,4865,997,4,90000,GMT+8
ticks,1499087338868000000,i1709,4870,4870,943,4865,998,4,90004,GMT+8
ticks,1499087339370000000,i1709,4870,4870,943,4865,1008,2,90006,GMT+8
ticks,1499087339897000000,i1709,4865,4870,944,4865,1025,2,90008,GMT+8
ticks,1499087340394000000,i1709,4870,4870,943,4865,1027,2,90010,GMT+8
ticks,1499087340843000000,i1709,4870,4870,942,4865,1026,8,90018,GMT+8
ticks,1499087341201000000,i1709,4870,4870,935,4865,1024,20,90038,GMT+8
ticks,1499087341860000000,i1709,4870,4870,916,4865,1035,2,90040,GMT+8
ticks,1499087342351000000,i1709,4870,4870,910,4865,1038,2,90042,GMT+8
ticks,1499087342824000000,i1709,4870,4870,910,4865,1040,0,90042,GMT+8
ticks,1499087343366000000,i1709,4870,4870,895,4865,1040,42,90084,GMT+8
ticks,1499087343876000000,i1709,4870,4870,887,4865,1042,28,90112,GMT+8
ticks,1499087344385000000,i1709,4870,4870,882,4865,1048,12,90124,GMT+8
ticks,1499087344879000000,i1709,4865,4870,880,4865,1058,8,90132,GMT+8
ticks,1499087345390000000,i1709,4870,4870,876,4865,1062,8,90140,GMT+8
ticks,1499087345889000000,i1709,4870,4870,891,4865,1113,0,90140,GMT+8
ticks,1499087346391000000,i1709,4865,4870,886,4865,1116,14,90154,GMT+8
ticks,1499087346896000000,i1709,4870,4870,896,4865,1118,6,90160,GMT+8
ticks,1499087347307000000,i1709,4870,4870,1006,4865,1119,0,90160,GMT+8
ticks,1499087347858000000,i1709,4870,4870,1004,4865,1119,6,90166,GMT+8
ticks,1499087348378000000,i1709,4870,4870,984,4865,1135,44,90210,GMT+8
ticks,1499087348802000000,i1709,4870,4870,1170,4865,1138,4,90214,GMT+8
ticks,1499087349385000000,i1709,4870,4870,1160,4865,1139,20,90234,GMT+8
ticks,1499087349627000000,i1709,4870,4870,1179,4865,1141,0,90234,GMT+8
ticks,1499087350308000000,i1709,4870,4870,1174,4865,1142,10,90244,GMT+8
ticks,1499087350852000000,i1709,4870,4870,1175,4865,1142,4,90248,GMT+8
ticks,1499087351337000000,i1709,4865,4870,1139,4865,1142,74,90322,GMT+8
ticks,1499087351883000000,i1709,4870,4870,1137,4865,1145,4,90326,GMT+8
ticks,1499087352252000000,i1709,4865,4870,1137,4865,1143,2,90328,GMT+8
ticks,1499087352880000000,i1709,4870,4870,1132,4865,1142,20,90348,GMT+8
ticks,1499087353382000000,i1709,4870,4870,1145,4865,1142,6,90354,GMT+8
ticks,1499087353878000000,i1709,4870,4870,1133,4865,1147,42,90396,GMT+8
ticks,1499087354249000000,i1709,4870,4870,1132,4865,1158,4,90400,GMT+8
ticks,1499087354861000000,i1709,4870,4870,1131,4865,1158,2,90402,GMT+8
ticks,1499087355323000000,i1709,4870,4870,1137,4865,1158,0,90402,GMT+8
ticks,1499087355856000000,i1709,4870,4870,1156,4865,1160,2,90404,GMT+8
ticks,1499087356390000000,i1709,4870,4870,1156,4865,1161,0,90404,GMT+8
ticks,1499087356861000000,i1709,4870,4870,1163,4865,1161,0,90404,GMT+8
ticks,1499087357369000000,i1709,4865,4870,1167,4865,1154,6,90410,GMT+8
ticks,1499087357880000000,i1709,4870,4870,1165,4865,1204,4,90414,GMT+8
ticks,1499087358380000000,i1709,4870,4870,1162,4865,1206,10,90424,GMT+8
ticks,1499087358872000000,i1709,4865,4865,705,4860,1299,2442,92866,GMT+8
ticks,1499087359309000000,i1709,4865,4865,1155,4860,974,6,92872,GMT+8
ticks,1499087359852000000,i1709,4865,4865,1241,4860,973,30,92902,GMT+8
ticks,1499087360361000000,i1709,4865,4865,1238,4860,974,6,92908,GMT+8
ticks,1499087360882000000,i1709,4865,4865,1014,4860,975,16,92924,GMT+8
ticks,1499087361396000000,i1709,4865,4865,1011,4860,972,10,92934,GMT+8
ticks,1499087361886000000,i1709,4860,4865,1021,4860,971,8,92942,GMT+8
ticks,1499087362378000000,i1709,4865,4865,1007,4860,972,32,92974,GMT+8
ticks,1499087362691000000,i1709,4865,4865,995,4860,872,224,93198,GMT+8
ticks,1499087363369000000,i1709,4865,4865,989,4860,862,32,93230,GMT+8
ticks,1499087363869000000,i1709,4865,4865,1031,4860,865,94,93324,GMT+8
ticks,1499087364369000000,i1709,4865,4865,1030,4860,876,2,93326,GMT+8
ticks,1499087364702000000,i1709,4860,4865,1034,4860,876,2,93328,GMT+8
ticks,1499087365376000000,i1709,4860,4865,1031,4860,873,12,93340,GMT+8
ticks,1499087365856000000,i1709,4865,4865,1029,4860,875,4,93344,GMT+8
ticks,1499087366262000000,i1709,4865,4865,1028,4860,877,2,93346,GMT+8
ticks,1499087366830000000,i1709,4860,4865,1028,4860,870,12,93358,GMT+8
ticks,1499087367354000000,i1709,4865,4865,1027,4860,871,2,93360,GMT+8
ticks,1499087367880000000,i1709,4865,4865,1033,4860,875,0,93360,GMT+8
ticks,1499087368354000000,i1709,4860,4865,1032,4860,872,20,93380,GMT+8
ticks,1499087368883000000,i1709,4860,4865,1029,4860,870,18,93398,GMT+8
ticks,1499087369364000000,i1709,4860,4865,1029,4860,1075,0,93398,GMT+8
ticks,1499087369866000000,i1709,4865,4865,1038,4860,1081,2,93400,GMT+8
ticks,1499087370347000000,i1709,4860,4865,1034,4860,1081,2,93402,GMT+8
ticks,1499087370840000000,i1709,4860,4865,997,4860,1079,0,93402,GMT+8
ticks,1499087371393000000,i1709,4860,4865,997,4860,1081,2,93404,GMT+8
ticks,1499087371879000000,i1709,4860,4865,997,4860,1076,18,93422,GMT+8
ticks,1499087372387000000,i1709,4860,4865,997,4860,1070,14,93436,GMT+8
ticks,1499087372801000000,i1709,4860,4865,997,4860,1080,0,93436,GMT+8
ticks,1499087373377000000,i1709,4865,4865,999,4860,1073,16,93452,GMT+8
ticks,1499087373889000000,i1709,4860,4865,995,4860,1057,46,93498,GMT+8
ticks,1499087374360000000,i1709,4860,4865,1008,4860,1057,0,93498,GMT+8
ticks,1499087374856000000,i1709,4860,4865,1009,4860,986,142,93640,GMT+8
ticks,1499087375384000000,i1709,4860,4865,1020,4860,963,62,93702,GMT+8
ticks,1499087375882000000,i1709,4865,4865,1015,4860,962,22,93724,GMT+8
ticks,1499087376397000000,i1709,4860,4865,1021,4860,969,16,93740,GMT+8
ticks,1499087376891000000,i1709,4865,4865,1021,4860,966,2,93742,GMT+8
ticks,1499087377380000000,i1709,4860,4865,1012,4860,957,44,93786,GMT+8
ticks,1499087377844000000,i1709,4860,4865,1012,4860,940,42,93828,GMT+8
ticks,1499087378382000000,i1709,4860,4865,1020,4860,932,26,93854,GMT+8
ticks,1499087378863000000,i1709,4865,4865,1016,4860,930,14,93868,GMT+8
ticks,1499087379379000000,i1709,4860,4865,1020,4860,927,4,93872,GMT+8
ticks,1499087379852000000,i1709,4860,4865,1022,4860,904,26,93898,GMT+8
ticks,1499087380340000000,i1709,4860,4865,1021,4860,898,18,93916,GMT+8
ticks,1499087380866000000,i1709,4860,4865,1019,4860,847,92,94008,GMT+8
ticks,1499087381351000000,i1709,4860,4865,1020,4860,840,12,94020,GMT+8
ticks,1499087381835000000,i1709,4865,4865,1023,4860,839,26,94046,GMT+8
ticks,1499087382313000000,i1709,4860,4865,1025,4860,827,26,94072,GMT+8
ticks,1499087382784000000,i1709,4860,4865,1026,4860,808,44,94116,GMT+8
ticks,1499087383386000000,i1709,4860,4865,1026,4860,736,144,94260,GMT+8
ticks,1499087383874000000,i1709,4860,4865,1027,4860,724,24,94284,GMT+8
ticks,1499087384388000000,i1709,4860,4865,1031,4860,719,10,94294,GMT+8
ticks,1499087384843000000,i1709,4860,4865,1040,4860,721,0,94294,GMT+8
ticks,1499087385371000000,i1709,4860,4865,1041,4860,707,38,94332,GMT+8
ticks,1499087385834000000,i1709,4860,4865,1034,4860,696,52,94384,GMT+8
ticks,1499087386396000000,i1709,4860,4865,1033,4860,675,42,94426,GMT+8
ticks,1499087386872000000,i1709,4860,4865,1033,4860,678,6,94432,GMT+8
ticks,1499087387374000000,i1709,4860,4865,1034,4860,657,50,94482,GMT+8
ticks,1499087387870000000,i1709,4860,4865,1035,4860,670,4,94486,GMT+8
ticks,1499087388287000000,i1709,4860,4865,1035,4860,610,120,94606,GMT+8
ticks,1499087388893000000,i1709,4860,4865,1033,4860,592,36,94642,GMT+8
ticks,1499087389389000000,i1709,4855,4860,729,4855,1130,1192,95834,GMT+8
ticks,1499087389892000000,i1709,4855,4860,942,4855,979,60,95894,GMT+8
ticks,1499087390393000000,i1709,4855,4860,1227,4855,957,54,95948,GMT+8
ticks,1499087390897000000,i1709,4855,4860,1229,4855,960,6,95954,GMT+8
ticks,1499087391392000000,i1709,4860,4860,1231,4855,929,70,96024,GMT+8
ticks,1499087391889000000,i1709,4860,4860,1228,4855,927,6,96030,GMT+8
ticks,1499087392367000000,i1709,4860,4860,1165,4855,929,0,96030,GMT+8
ticks,1499087392872000000,i1709,4855,4860,1167,4855,916,26,96056,GMT+8
ticks,1499087393369000000,i1709,4855,4860,1182,4855,867,36,96092,GMT+8
ticks,1499087393861000000,i1709,4855,4860,1185,4855,866,4,96096,GMT+8
ticks,1499087394387000000,i1709,4855,4860,1184,4855,833,76,96172,GMT+8
ticks,1499087394859000000,i1709,4860,4860,1158,4855,839,14,96186,GMT+8
ticks,1499087395356000000,i1709,4860,4860,1153,4855,864,12,96198,GMT+8
ticks,1499087395896000000,i1709,4855,4860,1164,4855,792,128,96326,GMT+8
ticks,1499087396394000000,i1709,4855,4860,1168,4855,786,18,96344,GMT+8
ticks,1499087396868000000,i1709,4855,4860,1170,4855,781,8,96352,GMT+8
ticks,1499087397385000000,i1709,4855,4860,1174,4855,758,50,96402,GMT+8
ticks,1499087397870000000,i1709,4855,4860,1176,4855,737,54,96456,GMT+8
ticks,1499087398364000000,i1709,4855,4860,1175,4855,719,44,96500,GMT+8
ticks,1499087398839000000,i1709,4855,4860,1180,4855,720,4,96504,GMT+8
ticks,1499087399371000000,i1709,4855,4860,1182,4855,708,46,96550,GMT+8
ticks,1499087399844000000,i1709,4860,4860,1181,4855,727,4,96554,GMT+8
ticks,1499087400359000000,i1709,4855,4860,1188,4855,692,66,96620,GMT+8
ticks,1499087400884000000,i1709,4860,4860,1183,4855,937,18,96638,GMT+8
ticks,1499087401382000000,i1709,4855,4860,1228,4855,795,26,96664,GMT+8
ticks,1499087401857000000,i1709,4855,4860,1228,4855,809,8,96672,GMT+8
ticks,1499087402388000000,i1709,4855,4860,1195,4855,921,32,96704,GMT+8
ticks,1499087402873000000,i1709,4855,4860,1178,4855,990,10,96714,GMT+8
ticks,1499087403365000000,i1709,4855,4860,1220,4855,978,44,96758,GMT+8
ticks,1499087403867000000,i1709,4855,4860,1224,4855,979,18,96776,GMT+8
ticks,1499087404375000000,i1709,4855,4860,1223,4855,950,46,96822,GMT+8
ticks,1499087404834000000,i1709,4860,4860,1224,4855,951,2,96824,GMT+8
ticks,1499087405324000000,i1709,4860,4860,1315,4855,955,18,96842,GMT+8
ticks,1499087405891000000,i1709,4855,4860,1314,4855,944,30,96872,GMT+8
ticks,1499087406232000000,i1709,4855,4860,1312,4855,938,22,96894,GMT+8
ticks,1499087406880000000,i1709,4855,4860,1292,4855,418,1044,97938,GMT+8
ticks,1499087407395000000,i1709,4855,4860,1213,4855,319,198,98136,GMT+8
ticks,1499087407874000000,i1709,4855,4860,1226,4855,153,338,98474,GMT+8
ticks,1499087408370000000,i1709,4855,4860,1226,4855,902,160,98634,GMT+8
ticks,1499087408898000000,i1709,4855,4860,1199,4855,1256,40,98674,GMT+8
ticks,1499087409342000000,i1709,4855,4860,1162,4855,1255,126,98800,GMT+8
ticks,1499087409884000000,i1709,4855,4860,1157,4855,1358,4,98804,GMT+8
ticks,1499087410392000000,i1709,4855,4860,1158,4855,1270,186,98990,GMT+8
ticks,1499087410884000000,i1709,4855,4860,1135,4855,1249,30,99020,GMT+8
ticks,1499087411347000000,i1709,4860,4860,1129,4855,1256,6,99026,GMT+8
ticks,1499087411871000000,i1709,4860,4860,1131,4855,1239,40,99066,GMT+8
ticks,1499087412370000000,i1709,4855,4860,1129,4855,1217,64,99130,GMT+8
ticks,1499087412893000000,i1709,4855,4860,1130,4855,1234,12,99142,GMT+8
ticks,1499087413379000000,i1709,4855,4860,1129,4855,1232,14,99156,GMT+8
ticks,1499087413860000000,i1709,4860,4860,1105,4855,1232,4,99160,GMT+8
ticks,1499087414345000000,i1709,4860,4860,1103,4855,1200,66,99226,GMT+8
ticks,1499087414889000000,i1709,4860,4860,1107,4855,1202,4,99230,GMT+8
ticks,1499087415355000000,i1709,4860,4860,1077,4855,1206,62,99292,GMT+8
ticks,1499087415866000000,i1709,4855,4860,1078,4855,1196,24,99316,GMT+8
ticks,1499087416369000000,i1709,4855,4860,1059,4855,1196,2,99318,GMT+8
ticks,1499087416870000000,i1709,4860,4860,1018,4855,1215,122,99440,GMT+8
ticks,1499087417365000000,i1709,4855,4860,1171,4855,715,1010,100450,GMT+8
ticks,1499087417867000000,i1709,4855,4860,1078,4855,716,0,100450,GMT+8
ticks,1499087418380000000,i1709,4855,4860,1080,4855,726,0,100450,GMT+8
ticks,1499087418849000000,i1709,4855,4860,988,4855,738,210,100660,GMT+8
ticks,1499087419391000000,i1709,4855,4860,984,4855,732,18,100678,GMT+8
ticks,1499087419887000000,i1709,4855,4860,986,4855,747,4,100682,GMT+8
ticks,1499087420377000000,i1709,4855,4860,998,4855,997,4,100686,GMT+8
ticks,1499087420860000000,i1709,4855,4860,995,4855,992,14,100700,GMT+8
ticks,1499087421373000000,i1709,4860,4860,990,4855,981,58,100758,GMT+8
ticks,1499087421893000000,i1709,4855,4860,1017,4855,978,10,100768,GMT+8
ticks,1499087422389000000,i1709,4855,4860,1018,4855,978,2,100770,GMT+8
ticks,1499087422884000000,i1709,4855,4860,1040,4855,992,0,100770,GMT+8
ticks,1499087423358000000,i1709,4855,4860,1039,4855,965,56,100826,GMT+8
ticks,1499087423891000000,i1709,4855,4860,1039,4855,1007,24,100850,GMT+8
ticks,1499087424383000000,i1709,4855,4860,1043,4855,914,206,101056,GMT+8
ticks,1499087424852000000,i1709,4855,4860,1047,4855,906,16,101072,GMT+8
ticks,1499087425378000000,i1709,4855,4860,1045,4855,881,68,101140,GMT+8
ticks,1499087425864000000,i1709,4860,4860,1039,4855,877,26,101166,GMT+8
ticks,1499087426370000000,i1709,4855,4860,1044,4855,379,1004,102170,GMT+8
ticks,1499087426887000000,i1709,4855,4860,1047,4855,327,90,102260,GMT+8
ticks,1499087427350000000,i1709,4860,4860,1048,4855,310,48,102308,GMT+8
ticks,1499087427881000000,i1709,4855,4860,1048,4855,561,26,102334,GMT+8
ticks,1499087428395000000,i1709,4855,4860,1052,4855,559,8,102342,GMT+8
ticks,1499087428825000000,i1709,4855,4860,1060,4855,915,4,102346,GMT+8
ticks,1499087429337000000,i1709,4860,4860,1061,4855,913,10,102356,GMT+8
ticks,1499087429866000000,i1709,4855,4860,1060,4855,1010,36,102392,GMT+8
ticks,1499087430343000000,i1709,4855,4860,1061,4855,1044,88,102480,GMT+8
ticks,1499087430852000000,i1709,4855,4860,1061,4855,1005,86,102566,GMT+8
ticks,1499087431328000000,i1709,4855,4860,1067,4855,1000,12,102578,GMT+8
ticks,1499087431827000000,i1709,4855,4860,1063,4855,1004,10,102588,GMT+8
ticks,1499087432379000000,i1709,4855,4860,1068,4855,1005,0,102588,GMT+8
ticks,1499087432878000000,i1709,4855,4860,1067,4855,1011,12,102600,GMT+8
ticks,1499087433393000000,i1709,4855,4860,969,4855,1020,0,102600,GMT+8
ticks,1499087433835000000,i1709,4855,4860,971,4855,1019,6,102606,GMT+8
ticks,1499087434393000000,i1709,4855,4860,975,4855,1000,42,102648,GMT+8
ticks,1499087434884000000,i1709,4855,4860,975,4855,1005,2,102650,GMT+8
ticks,1499087435322000000,i1709,4860,4860,973,4855,1006,2,102652,GMT+8
ticks,1499087435839000000,i1709,4855,4860,992,4855,1005,10,102662,GMT+8
ticks,1499087436357000000,i1709,4855,4860,992,4855,967,84,102746,GMT+8
ticks,1499087436892000000,i1709,4855,4860,993,4855,1074,20,102766,GMT+8
ticks,1499087437355000000,i1709,4855,4860,991,4855,1071,10,102776,GMT+8
ticks,1499087437711000000,i1709,4860,4860,966,4855,1070,10,102786,GMT+8
ticks,1499087438381000000,i1709,4855,4860,967,4855,1066,10,102796,GMT+8
ticks,1499087438858000000,i1709,4860,4860,966,4855,1058,22,102818,GMT+8
ticks,1499087439344000000,i1709,4855,4860,967,4855,1055,4,102822,GMT+8
ticks,1499087439813000000,i1709,4860,4860,989,4855,1056,2,102824,GMT+8
ticks,1499087440356000000,i1709,4855,4860,1012,4855,1056,2,102826,GMT+8
ticks,1499087440858000000,i1709,4855,4860,1016,4855,1058,0,102826,GMT+8
ticks,1499087441263000000,i1709,4855,4860,1017,4855,1046,24,102850,GMT+8
ticks,1499087441850000000,i1709,4860,4860,1015,4855,1046,6,102856,GMT+8
ticks,1499087442386000000,i1709,4855,4860,1005,4855,1034,52,102908,GMT+8
ticks,1499087442886000000,i1709,4855,4860,1000,4855,1034,18,102926,GMT+8
ticks,1499087443396000000,i1709,4855,4860,1002,4855,1038,8,102934,GMT+8
ticks,1499087443866000000,i1709,4855,4860,1006,4855,1038,6,102940,GMT+8
ticks,1499087444379000000,i1709,4855,4860,1006,4855,1056,2,102942,GMT+8
ticks,1499087444889000000,i1709,4855,4860,978,4855,1054,66,103008,GMT+8
ticks,1499087445313000000,i1709,4855,4860,979,4855,1053,2,103010,GMT+8
ticks,1499087445890000000,i1709,4860,4860,975,4855,1051,12,103022,GMT+8
ticks,1499087446387000000,i1709,4855,4860,902,4855,1048,92,103114,GMT+8
ticks,1499087446888000000,i1709,4860,4860,905,4855,1053,4,103118,GMT+8
ticks,1499087447389000000,i1709,4855,4860,905,4855,1051,2,103120,GMT+8
ticks,1499087447850000000,i1709,4860,4860,911,4855,1046,16,103136,GMT+8
ticks,1499087448393000000,i1709,4855,4860,866,4855,1046,110,103246,GMT+8
ticks,1499087448872000000,i1709,4855,4860,859,4855,1038,20,103266,GMT+8
ticks,1499087449376000000,i1709,4855,4860,862,4855,1038,2,103268,GMT+8
ticks,1499087449880000000,i1709,4855,4860,863,4855,1050,4,103272,GMT+8
ticks,1499087450384000000,i1709,4860,4860,886,4855,1051,12,103284,GMT+8
ticks,1499087450868000000,i1709,4855,4860,888,4855,1083,8,103292,GMT+8
ticks,1499087451259000000,i1709,4855,4860,890,4855,1083,0,103292,GMT+8
ticks,1499087451760000000,i1709,4855,4860,890,4855,1082,4,103296,GMT+8
ticks,1499087452342000000,i1709,4855,4860,890,4855,1081,2,103298,GMT+8
ticks,1499087452756000000,i1709,4860,4860,897,4855,1089,10,103308,GMT+8
ticks,1499087453328000000,i1709,4855,4860,948,4855,1089,2,103310,GMT+8
ticks,1499087453877000000,i1709,4855,4860,949,4855,1089,6,103316,GMT+8
ticks,1499087454360000000,i1709,4855,4860,948,4855,1089,0,103316,GMT+8
ticks,1499087454840000000,i1709,4860,4860,940,4855,1090,16,103332,GMT+8
ticks,1499087455345000000,i1709,4860,4860,930,4855,1087,34,103366,GMT+8
ticks,1499087455864000000,i1709,4855,4860,915,4855,1086,36,103402,GMT+8
ticks,1499087456323000000,i1709,4855,4860,917,4855,1086,0,103402,GMT+8
ticks,1499087456883000000,i1709,4860,4860,921,4855,1087,16,103418,GMT+8
ticks,1499087457333000000,i1709,4860,4860,926,4855,1088,0,103418,GMT+8
ticks,1499087457729000000,i1709,4855,4860,928,4855,1082,12,103430,GMT+8
ticks,1499087458247000000,i1709,4860,4860,928,4855,1092,2,103432,GMT+8
ticks,1499087458882000000,i1709,4860,4860,931,4855,1093,0,103432,GMT+8
ticks,1499087459378000000,i1709,4860,4860,931,4855,1120,2,103434,GMT+8
ticks,1499087459815000000,i1709,4855,4860,930,4855,1114,16,103450,GMT+8
ticks,1499087460385000000,i1709,4860,4860,949,4855,1115,6,103456,GMT+8
ticks,1499087460897000000,i1709,4860,4860,932,4855,1111,54,103510,GMT+8
ticks,1499087461358000000,i1709,4855,4860,940,4855,1113,2,103512,GMT+8
ticks,1499087461884000000,i1709,4855,4860,921,4855,1112,44,103556,GMT+8
ticks,1499087462308000000,i1709,4860,4860,925,4855,1114,2,103558,GMT+8
ticks,1499087462889000000,i1709,4855,4860,918,4855,1113,14,103572,GMT+8
ticks,1499087463339000000,i1709,4855,4860,918,4855,1112,0,103572,GMT+8
ticks,1499087463765000000,i1709,4860,4860,917,4855,1112,2,103574,GMT+8
ticks,1499087464378000000,i1709,4855,4860,918,4855,1111,6,103580,GMT+8
ticks,1499087464874000000,i1709,4855,4860,919,4855,1103,24,103604,GMT+8
ticks,1499087465360000000,i1709,4860,4860,931,4855,1121,6,103610,GMT+8
ticks,1499087465852000000,i1709,4860,4860,941,4855,1121,0,103610,GMT+8
ticks,1499087466340000000,i1709,4860,4860,929,4855,1121,36,103646,GMT+8
ticks,1499087466876000000,i1709,4860,4860,922,4855,1121,14,103660,GMT+8
ticks,1499087467298000000,i1709,4855,4860,920,4855,1097,64,103724,GMT+8
ticks,1499087467801000000,i1709,4855,4860,924,4855,1098,2,103726,GMT+8
ticks,1499087468395000000,i1709,4855,4860,922,4855,598,1002,104728,GMT+8
ticks,1499087468877000000,i1709,4860,4860,927,4855,598,8,104736,GMT+8
ticks,1499087469379000000,i1709,4855,4860,933,4855,581,34,104770,GMT+8
ticks,1499087469835000000,i1709,4855,4860,930,4855,582,8,104778,GMT+8
ticks,1499087470301000000,i1709,4855,4860,930,4855,581,2,104780,GMT+8
ticks,1499087470815000000,i1709,4860,4860,922,4855,581,22,104802,GMT+8
ticks,1499087471232000000,i1709,4860,4860,925,4855,580,4,104806,GMT+8
ticks,1499087471883000000,i1709,4855,4860,924,4855,457,246,105052,GMT+8
ticks,1499087472398000000,i1709,4855,4860,918,4855,382,168,105220,GMT+8
ticks,1499087472894000000,i1709,4855,4855,114,4850,2531,774,105994,GMT+8
ticks,1499087473321000000,i1709,4850,4855,279,4850,2499,62,106056,GMT+8
ticks,1499087473897000000,i1709,4850,4855,350,4850,2440,128,106184,GMT+8
ticks,1499087474374000000,i1709,4855,4855,366,4850,2414,90,106274,GMT+8
ticks,1499087474895000000,i1709,4855,4855,338,4850,2402,12,106286,GMT+8
ticks,1499087475384000000,i1709,4850,4855,429,4850,2391,22,106308,GMT+8
ticks,1499087475872000000,i1709,4855,4855,428,4850,2392,4,106312,GMT+8
ticks,1499087476381000000,i1709,4850,4855,265,4850,2411,330,106642,GMT+8
ticks,1499087476877000000,i1709,4850,4855,267,4850,2328,174,106816,GMT+8
ticks,1499087477391000000,i1709,4850,4855,271,4850,2315,24,106840,GMT+8
ticks,1499087477884000000,i1709,4850,4855,256,4850,2362,32,106872,GMT+8
ticks,1499087478364000000,i1709,4855,4855,332,4850,2361,4,106876,GMT+8
ticks,1499087478886000000,i1709,4850,4855,385,4850,2341,48,106924,GMT+8
ticks,1499087479397000000,i1709,4855,4855,518,4850,2369,38,106962,GMT+8
ticks,1499087479884000000,i1709,4855,4855,512,4850,2337,78,107040,GMT+8
ticks,1499087480385000000,i1709,4855,4855,410,4850,2335,210,107250,GMT+8
ticks,1499087480851000000,i1709,4850,4855,417,4850,2334,4,107254,GMT+8
ticks,1499087481355000000,i1709,4855,4855,432,4850,2328,12,107266,GMT+8
ticks,1499087481863000000,i1709,4850,4855,424,4850,2334,24,107290,GMT+8
ticks,1499087482320000000,i1709,4850,4855,427,4850,2327,8,107298,GMT+8
ticks,1499087482835000000,i1709,4850,4855,428,4850,2328,6,107304,GMT+8
ticks,1499087483398000000,i1709,4855,4855,414,4850,2325,42,107346,GMT+8
ticks,1499087483855000000,i1709,4850,4855,422,4850,2313,6,107352,GMT+8
ticks,1499087484396000000,i1709,4850,4855,478,4850,1657,1204,108556,GMT+8
ticks,1499087484878000000,i1709,4850,4855,480,4850,1652,12,108568,GMT+8
ticks,1499087485361000000,i1709,4855,4855,525,4850,1648,16,108584,GMT+8
ticks,1499087485887000000,i1709,4850,4855,511,4850,1631,34,108618,GMT+8
ticks,1499087486335000000,i1709,4850,4855,513,4850,1621,44,108662,GMT+8
ticks,1499087486862000000,i1709,4855,4855,503,4850,1624,28,108690,GMT+8
ticks,1499087487366000000,i1709,4850,4855,537,4850,1625,16,108706,GMT+8
ticks,1499087487898000000,i1709,4855,4855,568,4850,1619,16,108722,GMT+8
ticks,1499087488391000000,i1709,4850,4855,597,4850,1600,42,108764,GMT+8
ticks,1499087488876000000,i1709,4850,4855,606,4850,1591,22,108786,GMT+8
ticks,1499087489377000000,i1709,4850,4855,762,4850,1043,1118,109904,GMT+8
ticks,1499087489895000000,i1709,4850,4855,771,4850,1042,4,109908,GMT+8
ticks,1499087490396000000,i1709,4850,4855,812,4850,1077,8,109916,GMT+8
ticks,1499087490869000000,i1709,4855,4855,852,4850,1042,76,109992,GMT+8
ticks,1499087491378000000,i1709,4850,4855,856,4850,1046,22,110014,GMT+8
ticks,1499087491863000000,i1709,4850,4855,856,4850,1034,26,110040,GMT+8
ticks,1499087492379000000,i1709,4850,4855,803,4850,1018,40,110080,GMT+8
ticks,1499087492897000000,i1709,4850,4855,818,4850,1013,16,110096,GMT+8
ticks,1499087493387000000,i1709,4850,4855,821,4850,964,100,110196,GMT+8
ticks,1499087493772000000,i1709,4850,4855,816,4850,938,52,110248,GMT+8
ticks,1499087494377000000,i1709,4855,4855,814,4850,946,20,110268,GMT+8
ticks,1499087494828000000,i1709,4855,4855,826,4850,945,14,110282,GMT+8
ticks,1499087495382000000,i1709,4850,4855,835,4850,938,14,110296,GMT+8
ticks,1499087495872000000,i1709,4850,4855,841,4850,821,242,110538,GMT+8
ticks,1499087496395000000,i1709,4850,4855,838,4850,846,24,110562,GMT+8
ticks,1499087496876000000,i1709,4850,4855,838,4850,818,64,110626,GMT+8
ticks,1499087497347000000,i1709,4850,4855,813,4850,808,98,110724,GMT+8
ticks,1499087497873000000,i1709,4850,4855,819,4850,796,50,110774,GMT+8
ticks,1499087498373000000,i1709,4850,4855,825,4850,907,28,110802,GMT+8
ticks,1499087498899000000,i1709,4850,4855,825,4850,884,60,110862,GMT+8
ticks,1499087499377000000,i1709,4855,4855,824,4850,903,4,110866,GMT+8
ticks,1499087499897000000,i1709,4850,4855,812,4850,871,88,110954,GMT+8
ticks,1499087500397000000,i1709,4855,4855,813,4850,890,10,110964,GMT+8
ticks,1499087500877000000,i1709,4850,4855,832,4850,915,18,110982,GMT+8
ticks,1499087501393000000,i1709,4850,4855,831,4850,909,14,110996,GMT+8
ticks,1499087501688000000,i1709,4850,4855,834,4850,909,0,110996,GMT+8
ticks,1499087502385000000,i1709,4850,4855,836,4850,904,10,111006,GMT+8
ticks,1499087502895000000,i1709,4850,4855,841,4850,908,4,111010,GMT+8
ticks,1499087503363000000,i1709,4850,4855,843,4850,941,6,111016,GMT+8
ticks,1499087503882000000,i1709,4850,4855,849,4850,988,10,111026,GMT+8
ticks,1499087504304000000,i1709,4850,4855,853,4850,990,14,111040,GMT+8
ticks,1499087504891000000,i1709,4850,4855,838,4850,975,54,111094,GMT+8
ticks,1499087505369000000,i1709,4850,4855,840,4850,979,4,111098,GMT+8
ticks,1499087505809000000,i1709,4850,4855,841,4850,978,8,111106,GMT+8
ticks,1499087506392000000,i1709,4850,4855,803,4850,976,146,111252,GMT+8
ticks,1499087506814000000,i1709,4850,4855,802,4850,966,24,111276,GMT+8
ticks,1499087507385000000,i1709,4850,4855,797,4850,975,18,111294,GMT+8
ticks,1499087507874000000,i1709,4855,4855,801,4850,1038,4,111298,GMT+8
ticks,1499087508386000000,i1709,4850,4855,795,4850,1044,24,111322,GMT+8
ticks,1499087508898000000,i1709,4850,4855,801,4850,1045,4,111326,GMT+8
ticks,1499087509379000000,i1709,4855,4855,789,4850,1047,2,111328,GMT+8
ticks,1499087509884000000,i1709,4855,4855,767,4850,1087,0,111328,GMT+8
ticks,1499087510254000000,i1709,4850,4855,806,4850,1101,20,111348,GMT+8
ticks,1499087510868000000,i1709,4855,4855,632,4850,1192,334,111682,GMT+8
