name,time,symbol,last,ask_price,ask_size,bid_price,bid_size,volume,total_volume,timezone
ticks,1498827600000000000,i1709,4705,4710,166,4705,220,2054,2054,GMT+8
ticks,1498827600391000000,i1709,4715,4715,604,4710,278,1306,3360,GMT+8
ticks,1498827600895000000,i1709,4710,4715,548,4710,207,990,4350,GMT+8
ticks,1498827601395000000,i1709,4710,4715,539,4710,166,344,4694,GMT+8
ticks,1498827601895000000,i1709,4710,4715,550,4710,105,140,4834,GMT+8
ticks,1498827602387000000,i1709,4710,4710,496,4705,868,480,5314,GMT+8
ticks,1498827602889000000,i1709,4710,4710,402,4705,886,286,5600,GMT+8
ticks,1498827603392000000,i1709,4710,4710,320,4705,902,256,5856,GMT+8
ticks,1498827603891000000,i1709,4710,4710,48,4705,583,1624,7480,GMT+8
ticks,1498827604352000000,i1709,4710,4715,503,4710,157,114,7594,GMT+8
ticks,1498827604895000000,i1709,4715,4715,494,4710,224,244,7838,GMT+8
ticks,1498827605395000000,i1709,4710,4715,504,4710,267,110,7948,GMT+8
ticks,1498827605890000000,i1709,4715,4715,510,4710,351,12,7960,GMT+8
ticks,1498827606390000000,i1709,4715,4715,501,4710,364,40,8000,GMT+8
ticks,1498827606882000000,i1709,4710,4715,497,4710,289,244,8244,GMT+8
ticks,1498827607392000000,i1709,4715,4715,435,4710,281,158,8402,GMT+8
ticks,1498827607895000000,i1709,4710,4715,497,4710,370,12,8414,GMT+8
ticks,1498827608367000000,i1709,4715,4715,496,4710,462,28,8442,GMT+8
ticks,1498827608885000000,i1709,4710,4715,499,4705,1632,1112,9554,GMT+8
ticks,1498827609385000000,i1709,4710,4715,325,4710,170,372,9926,GMT+8
ticks,1498827609890000000,i1709,4710,4715,339,4710,348,112,10038,GMT+8
ticks,1498827610392000000,i1709,4715,4715,367,4710,554,10,10048,GMT+8
ticks,1498827610880000000,i1709,4715,4715,430,4710,696,16,10064,GMT+8
ticks,1498827611390000000,i1709,4715,4715,406,4710,770,80,10144,GMT+8
ticks,1498827611895000000,i1709,4715,4715,267,4710,781,164,10308,GMT+8
ticks,1498827612389000000,i1709,4715,4715,265,4710,797,52,10360,GMT+8
ticks,1498827612886000000,i1709,4715,4715,225,4710,815,166,10526,GMT+8
ticks,1498827613377000000,i1709,4715,4715,201,4710,820,52,10578,GMT+8
ticks,1498827613892000000,i1709,4715,4715,172,4710,826,102,10680,GMT+8
ticks,1498827614383000000,i1709,4715,4720,810,4715,222,450,11130,GMT+8
ticks,1498827614884000000,i1709,4720,4720,553,4715,233,544,11674,GMT+8
ticks,1498827615392000000,i1709,4715,4720,421,4715,298,54,11728,GMT+8
ticks,1498827615889000000,i1709,4715,4720,397,4715,203,680,12408,GMT+8
ticks,1498827616387000000,i1709,4720,4720,367,4715,270,172,12580,GMT+8
ticks,1498827616875000000,i1709,4720,4720,153,4715,382,220,12800,GMT+8
ticks,1498827617387000000,i1709,4720,4720,105,4715,388,132,12932,GMT+8
ticks,1498827617885000000,i1709,4715,4725,460,4715,116,1530,14462,GMT+8
ticks,1498827618354000000,i1709,4725,4725,563,4720,73,142,14604,GMT+8
ticks,1498827618893000000,i1709,4720,4720,160,4715,267,238,14842,GMT+8
ticks,1498827619384000000,i1709,4720,4720,316,4715,213,94,14936,GMT+8
ticks,1498827619894000000,i1709,4720,4720,555,4715,192,26,14962,GMT+8
ticks,1498827620361000000,i1709,4720,4720,556,4715,266,34,14996,GMT+8
ticks,1498827620890000000,i1709,4720,4720,430,4715,307,504,15500,GMT+8
ticks,1498827621391000000,i1709,4720,4730,696,4720,130,3372,18872,GMT+8
ticks,1498827621865000000,i1709,4725,4725,68,4720,183,46,18918,GMT+8
ticks,1498827622354000000,i1709,4720,4725,158,4720,33,340,19258,GMT+8
ticks,1498827622855000000,i1709,4720,4725,128,4720,29,400,19658,GMT+8
ticks,1498827623386000000,i1709,4720,4725,257,4720,287,30,19688,GMT+8
ticks,1498827623889000000,i1709,4720,4720,716,4715,498,740,20428,GMT+8
ticks,1498827624379000000,i1709,4720,4720,837,4715,530,42,20470,GMT+8
ticks,1498827624874000000,i1709,4720,4720,780,4715,530,256,20726,GMT+8
ticks,1498827625393000000,i1709,4715,4720,791,4715,523,56,20782,GMT+8
ticks,1498827625869000000,i1709,4720,4720,708,4715,518,54,20836,GMT+8
ticks,1498827626378000000,i1709,4715,4720,700,4715,634,18,20854,GMT+8
ticks,1498827626860000000,i1709,4720,4725,1048,4720,40,1268,22122,GMT+8
ticks,1498827627389000000,i1709,4720,4725,1119,4720,115,14,22136,GMT+8
ticks,1498827627853000000,i1709,4720,4725,1023,4720,264,2,22138,GMT+8
ticks,1498827628372000000,i1709,4725,4725,1022,4720,420,56,22194,GMT+8
ticks,1498827628824000000,i1709,4725,4725,1014,4720,423,30,22224,GMT+8
ticks,1498827629395000000,i1709,4720,4725,1048,4720,497,18,22242,GMT+8
ticks,1498827629839000000,i1709,4725,4725,1051,4720,599,18,22260,GMT+8
ticks,1498827630391000000,i1709,4725,4725,1049,4720,598,18,22278,GMT+8
ticks,1498827630885000000,i1709,4725,4725,1032,4720,762,36,22314,GMT+8
ticks,1498827631382000000,i1709,4720,4725,1030,4720,760,14,22328,GMT+8
ticks,1498827631875000000,i1709,4725,4725,973,4720,760,20,22348,GMT+8
ticks,1498827632382000000,i1709,4720,4725,984,4720,762,22,22370,GMT+8
ticks,1498827632838000000,i1709,4720,4725,979,4720,773,18,22388,GMT+8
ticks,1498827633395000000,i1709,4725,4725,986,4720,766,14,22402,GMT+8
ticks,1498827633866000000,i1709,4725,4725,980,4720,737,80,22482,GMT+8
ticks,1498827634378000000,i1709,4725,4725,977,4720,738,8,22490,GMT+8
ticks,1498827634874000000,i1709,4725,4725,978,4720,733,8,22498,GMT+8
ticks,1498827635359000000,i1709,4725,4725,974,4720,738,14,22512,GMT+8
ticks,1498827635874000000,i1709,4720,4725,974,4720,741,18,22530,GMT+8
ticks,1498827636377000000,i1709,4725,4725,742,4720,716,270,22800,GMT+8
ticks,1498827636888000000,i1709,4725,4725,733,4720,729,114,22914,GMT+8
ticks,1498827637372000000,i1709,4725,4725,766,4720,730,2,22916,GMT+8
ticks,1498827637852000000,i1709,4725,4725,802,4720,700,4,22920,GMT+8
ticks,1498827638388000000,i1709,4725,4725,810,4720,658,4,22924,GMT+8
ticks,1498827638886000000,i1709,4725,4725,792,4720,1156,52,22976,GMT+8
ticks,1498827639363000000,i1709,4720,4720,331,4715,839,2338,25314,GMT+8
ticks,1498827639864000000,i1709,4720,4720,385,4715,829,68,25382,GMT+8
ticks,1498827640395000000,i1709,4720,4720,436,4715,834,48,25430,GMT+8
ticks,1498827640868000000,i1709,4720,4720,535,4715,915,4,25434,GMT+8
ticks,1498827641351000000,i1709,4720,4720,534,4715,881,2,25436,GMT+8
ticks,1498827641871000000,i1709,4720,4720,541,4715,979,4,25440,GMT+8
ticks,1498827642383000000,i1709,4720,4720,809,4715,996,10,25450,GMT+8
ticks,1498827642888000000,i1709,4715,4720,809,4715,994,4,25454,GMT+8
ticks,1498827643364000000,i1709,4720,4720,814,4715,1079,64,25518,GMT+8
ticks,1498827643871000000,i1709,4720,4720,817,4715,981,24,25542,GMT+8
ticks,1498827644295000000,i1709,4715,4720,805,4715,976,34,25576,GMT+8
ticks,1498827644870000000,i1709,4715,4720,804,4715,959,54,25630,GMT+8
ticks,1498827645388000000,i1709,4715,4720,805,4715,954,20,25650,GMT+8
ticks,1498827645856000000,i1709,4715,4720,815,4715,947,16,25666,GMT+8
ticks,1498827646392000000,i1709,4715,4720,806,4715,949,20,25686,GMT+8
ticks,1498827646890000000,i1709,4715,4720,804,4715,877,22,25708,GMT+8
ticks,1498827647377000000,i1709,4720,4720,794,4715,1168,30,25738,GMT+8
ticks,1498827647893000000,i1709,4720,4720,797,4715,1252,4,25742,GMT+8
ticks,1498827648370000000,i1709,4715,4720,792,4715,1266,18,25760,GMT+8
ticks,1498827648867000000,i1709,4720,4720,682,4715,1204,24,25784,GMT+8
ticks,1498827649344000000,i1709,4720,4720,606,4715,1203,82,25866,GMT+8
ticks,1498827649887000000,i1709,4715,4720,626,4715,1215,38,25904,GMT+8
ticks,1498827650342000000,i1709,4715,4720,653,4715,1224,2,25906,GMT+8
ticks,1498827650887000000,i1709,4720,4720,651,4715,1221,6,25912,GMT+8
ticks,1498827651388000000,i1709,4715,4720,649,4715,1214,26,25938,GMT+8
ticks,1498827651869000000,i1709,4715,4720,611,4715,1207,94,26032,GMT+8
ticks,1498827652355000000,i1709,4715,4720,599,4715,1194,70,26102,GMT+8
ticks,1498827652810000000,i1709,4720,4720,597,4715,1192,8,26110,GMT+8
ticks,1498827653361000000,i1709,4720,4720,762,4715,1198,4,26114,GMT+8
ticks,1498827653850000000,i1709,4720,4720,779,4715,1165,14,26128,GMT+8
ticks,1498827654375000000,i1709,4715,4720,898,4715,996,336,26464,GMT+8
ticks,1498827654879000000,i1709,4720,4720,888,4715,953,98,26562,GMT+8
ticks,1498827655394000000,i1709,4720,4720,865,4715,952,48,26610,GMT+8
ticks,1498827655861000000,i1709,4720,4720,865,4715,952,2,26612,GMT+8
ticks,1498827656341000000,i1709,4720,4720,523,4715,972,10,26622,GMT+8
ticks,1498827656859000000,i1709,4720,4720,317,4715,960,442,27064,GMT+8
ticks,1498827657382000000,i1709,4720,4720,206,4715,968,378,27442,GMT+8
ticks,1498827657873000000,i1709,4720,4725,705,4720,303,446,27888,GMT+8
ticks,1498827658391000000,i1709,4720,4725,700,4720,316,18,27906,GMT+8
ticks,1498827658894000000,i1709,4720,4725,700,4720,388,24,27930,GMT+8
ticks,1498827659394000000,i1709,4720,4725,706,4720,138,490,28420,GMT+8
ticks,1498827659816000000,i1709,4720,4725,707,4720,139,2,28422,GMT+8
ticks,1498827660352000000,i1709,4725,4725,706,4720,139,2,28424,GMT+8
ticks,1498827660884000000,i1709,4720,4720,428,4715,991,396,28820,GMT+8
ticks,1498827661356000000,i1709,4720,4720,468,4715,791,414,29234,GMT+8
ticks,1498827661845000000,i1709,4720,4720,482,4715,799,8,29242,GMT+8
ticks,1498827662383000000,i1709,4720,4720,516,4715,803,8,29250,GMT+8
ticks,1498827662887000000,i1709,4715,4720,502,4715,776,68,29318,GMT+8
ticks,1498827663391000000,i1709,4720,4720,500,4715,777,10,29328,GMT+8
ticks,1498827663892000000,i1709,4720,4720,516,4715,779,6,29334,GMT+8
ticks,1498827664378000000,i1709,4720,4720,516,4715,779,6,29340,GMT+8
ticks,1498827664852000000,i1709,4715,4720,507,4715,777,32,29372,GMT+8
ticks,1498827665389000000,i1709,4720,4720,504,4715,793,6,29378,GMT+8
ticks,1498827665888000000,i1709,4720,4720,504,4715,795,0,29378,GMT+8
ticks,1498827666364000000,i1709,4715,4720,435,4715,793,188,29566,GMT+8
ticks,1498827666797000000,i1709,4720,4720,535,4715,598,402,29968,GMT+8
ticks,1498827667378000000,i1709,4715,4720,590,4715,577,38,30006,GMT+8
ticks,1498827667890000000,i1709,4715,4720,711,4715,584,0,30006,GMT+8
ticks,1498827668357000000,i1709,4720,4720,627,4715,583,174,30180,GMT+8
ticks,1498827668864000000,i1709,4720,4720,499,4715,579,274,30454,GMT+8
ticks,1498827669339000000,i1709,4715,4720,499,4715,565,44,30498,GMT+8
ticks,1498827669841000000,i1709,4720,4720,498,4715,572,4,30502,GMT+8
ticks,1498827670212000000,i1709,4720,4720,497,4715,573,2,30504,GMT+8
ticks,1498827670891000000,i1709,4715,4720,499,4715,572,4,30508,GMT+8
ticks,1498827671343000000,i1709,4715,4720,501,4715,574,4,30512,GMT+8
ticks,1498827671876000000,i1709,4720,4720,501,4715,573,10,30522,GMT+8
ticks,1498827672392000000,i1709,4715,4720,501,4715,570,6,30528,GMT+8
ticks,1498827672891000000,i1709,4720,4720,605,4715,610,66,30594,GMT+8
ticks,1498827673320000000,i1709,4715,4720,609,4715,608,8,30602,GMT+8
ticks,1498827673879000000,i1709,4720,4720,677,4715,613,2,30604,GMT+8
ticks,1498827674389000000,i1709,4720,4720,677,4715,622,22,30626,GMT+8
ticks,1498827674832000000,i1709,4715,4715,268,4710,1729,1248,31874,GMT+8
ticks,1498827675387000000,i1709,4715,4715,523,4710,1709,64,31938,GMT+8
ticks,1498827675875000000,i1709,4715,4715,586,4710,1707,14,31952,GMT+8
ticks,1498827676380000000,i1709,4715,4715,272,4710,1728,430,32382,GMT+8
ticks,1498827676793000000,i1709,4715,4720,712,4715,86,588,32970,GMT+8
ticks,1498827677378000000,i1709,4720,4720,692,4715,93,42,33012,GMT+8
ticks,1498827677872000000,i1709,4715,4720,694,4715,80,32,33044,GMT+8
ticks,1498827678321000000,i1709,4720,4720,588,4715,69,266,33310,GMT+8
ticks,1498827678882000000,i1709,4715,4720,604,4715,172,30,33340,GMT+8
ticks,1498827679387000000,i1709,4720,4720,611,4715,273,176,33516,GMT+8
ticks,1498827679888000000,i1709,4715,4720,609,4715,261,116,33632,GMT+8
ticks,1498827680392000000,i1709,4720,4720,553,4715,281,124,33756,GMT+8
ticks,1498827680837000000,i1709,4715,4720,591,4715,339,2,33758,GMT+8
ticks,1498827681378000000,i1709,4720,4720,592,4715,394,6,33764,GMT+8
ticks,1498827681891000000,i1709,4720,4720,592,4715,404,2,33766,GMT+8
ticks,1498827682393000000,i1709,4715,4720,591,4715,407,4,33770,GMT+8
ticks,1498827682827000000,i1709,4715,4720,601,4715,405,16,33786,GMT+8
ticks,1498827683394000000,i1709,4720,4720,605,4715,507,2,33788,GMT+8
ticks,1498827683856000000,i1709,4720,4720,592,4715,509,16,33804,GMT+8
ticks,1498827684358000000,i1709,4715,4720,588,4715,512,14,33818,GMT+8
ticks,1498827684893000000,i1709,4715,4720,609,4715,505,8,33826,GMT+8
ticks,1498827685359000000,i1709,4715,4720,645,4715,470,2,33828,GMT+8
ticks,1498827685866000000,i1709,4715,4720,657,4715,512,0,33828,GMT+8
ticks,1498827686379000000,i1709,4720,4720,656,4715,530,4,33832,GMT+8
ticks,1498827686876000000,i1709,4720,4720,656,4715,491,84,33916,GMT+8
ticks,1498827687349000000,i1709,4720,4720,671,4715,531,0,33916,GMT+8
ticks,1498827687856000000,i1709,4715,4720,720,4715,530,6,33922,GMT+8
ticks,1498827688364000000,i1709,4720,4720,678,4715,547,128,34050,GMT+8
ticks,1498827689392000000,i1709,4720,4720,679,4715,527,102,34152,GMT+8
ticks,1498827689858000000,i1709,4720,4720,628,4715,527,122,34274,GMT+8
ticks,1498827690381000000,i1709,4720,4720,632,4715,527,46,34320,GMT+8
ticks,1498827690891000000,i1709,4720,4720,631,4715,519,4,34324,GMT+8
ticks,1498827691396000000,i1709,4715,4720,631,4715,525,12,34336,GMT+8
ticks,1498827691801000000,i1709,4715,4720,1011,4715,529,44,34380,GMT+8
ticks,1498827692299000000,i1709,4720,4720,1009,4715,530,6,34386,GMT+8
ticks,1498827692890000000,i1709,4715,4720,1008,4715,502,6,34392,GMT+8
ticks,1498827693353000000,i1709,4715,4720,994,4715,499,32,34424,GMT+8
ticks,1498827693862000000,i1709,4715,4720,995,4715,501,10,34434,GMT+8
ticks,1498827694395000000,i1709,4720,4720,996,4715,395,216,34650,GMT+8
ticks,1498827694881000000,i1709,4715,4720,995,4715,420,4,34654,GMT+8
ticks,1498827695374000000,i1709,4715,4720,988,4715,421,22,34676,GMT+8
ticks,1498827695818000000,i1709,4720,4720,982,4715,172,516,35192,GMT+8
ticks,1498827696313000000,i1709,4715,4715,90,4710,1725,350,35542,GMT+8
ticks,1498827696891000000,i1709,4715,4720,1033,4715,241,558,36100,GMT+8
ticks,1498827697328000000,i1709,4715,4720,1034,4715,224,84,36184,GMT+8
ticks,1498827697851000000,i1709,4720,4720,1188,4715,224,10,36194,GMT+8
ticks,1498827698359000000,i1709,4720,4720,1189,4715,266,6,36200,GMT+8
ticks,1498827698823000000,i1709,4715,4720,1211,4715,260,42,36242,GMT+8
ticks,1498827699339000000,i1709,4715,4720,1210,4715,79,336,36578,GMT+8
ticks,1498827699893000000,i1709,4715,4715,106,4710,1756,160,36738,GMT+8
ticks,1498827700392000000,i1709,4715,4720,1215,4715,129,226,36964,GMT+8
ticks,1498827700862000000,i1709,4715,4715,201,4710,1767,262,37226,GMT+8
ticks,1498827701296000000,i1709,4715,4715,195,4710,1767,12,37238,GMT+8
ticks,1498827701845000000,i1709,4715,4715,190,4710,1770,12,37250,GMT+8
ticks,1498827702314000000,i1709,4715,4715,216,4710,1770,38,37288,GMT+8
ticks,1498827702856000000,i1709,4715,4715,334,4710,1759,106,37394,GMT+8
ticks,1498827703375000000,i1709,4715,4715,381,4710,1698,164,37558,GMT+8
ticks,1498827703896000000,i1709,4710,4715,474,4710,1649,4,37562,GMT+8
ticks,1498827704388000000,i1709,4715,4715,489,4710,1641,12,37574,GMT+8
ticks,1498827704894000000,i1709,4710,4715,962,4710,1628,14,37588,GMT+8
ticks,1498827705359000000,i1709,4710,4715,1018,4710,1581,58,37646,GMT+8
ticks,1498827705890000000,i1709,4710,4715,1053,4710,1566,26,37672,GMT+8
ticks,1498827706394000000,i1709,4715,4715,1100,4710,1562,10,37682,GMT+8
ticks,1498827706859000000,i1709,4715,4715,1084,4710,1578,52,37734,GMT+8
ticks,1498827707342000000,i1709,4710,4715,1080,4710,1540,86,37820,GMT+8
ticks,1498827707897000000,i1709,4710,4715,1081,4710,1526,10,37830,GMT+8
ticks,1498827708393000000,i1709,4710,4715,1081,4710,1520,10,37840,GMT+8
ticks,1498827708894000000,i1709,4710,4715,1081,4710,1519,4,37844,GMT+8
ticks,1498827709393000000,i1709,4710,4715,1035,4710,1020,1090,38934,GMT+8
ticks,1498827709794000000,i1709,4715,4715,1051,4710,1020,8,38942,GMT+8
ticks,1498827710359000000,i1709,4710,4715,1105,4710,982,68,39010,GMT+8
ticks,1498827710862000000,i1709,4710,4710,1,4705,937,2000,41010,GMT+8
ticks,1498827711388000000,i1709,4710,4710,544,4705,901,72,41082,GMT+8
ticks,1498827711894000000,i1709,4710,4710,1036,4705,896,10,41092,GMT+8
ticks,1498827712303000000,i1709,4710,4710,1158,4705,915,6,41098,GMT+8
ticks,1498827712847000000,i1709,4705,4710,1220,4705,919,12,41110,GMT+8
ticks,1498827713350000000,i1709,4705,4710,1204,4705,889,92,41202,GMT+8
ticks,1498827713858000000,i1709,4710,4710,1180,4705,874,84,41286,GMT+8
ticks,1498827714373000000,i1709,4710,4710,1181,4705,873,14,41300,GMT+8
ticks,1498827714866000000,i1709,4710,4710,1189,4705,903,12,41312,GMT+8
ticks,1498827715390000000,i1709,4710,4710,1188,4705,895,62,41374,GMT+8
ticks,1498827715891000000,i1709,4705,4710,1257,4705,892,8,41382,GMT+8
ticks,1498827716308000000,i1709,4705,4710,1278,4705,738,284,41666,GMT+8
ticks,1498827716895000000,i1709,4710,4710,1280,4705,729,28,41694,GMT+8
ticks,1498827717388000000,i1709,4705,4710,1274,4705,742,2,41696,GMT+8
ticks,1498827717885000000,i1709,4705,4710,1271,4705,749,54,41750,GMT+8
ticks,1498827718332000000,i1709,4705,4710,1284,4705,740,20,41770,GMT+8
ticks,1498827718856000000,i1709,4705,4710,1157,4705,561,408,42178,GMT+8
ticks,1498827719394000000,i1709,4705,4710,1208,4705,546,54,42232,GMT+8
ticks,1498827719865000000,i1709,4705,4710,1180,4705,504,140,42372,GMT+8
ticks,1498827720371000000,i1709,4705,4710,1148,4705,510,52,42424,GMT+8
ticks,1498827720876000000,i1709,4705,4710,1088,4705,513,64,42488,GMT+8
ticks,1498827721357000000,i1709,4705,4710,988,4705,495,36,42524,GMT+8
ticks,1498827721895000000,i1709,4705,4710,1021,4705,475,50,42574,GMT+8
ticks,1498827722321000000,i1709,4710,4710,1016,4705,468,30,42604,GMT+8
ticks,1498827722869000000,i1709,4705,4710,993,4705,434,62,42666,GMT+8
ticks,1498827723374000000,i1709,4705,4710,999,4705,428,22,42688,GMT+8
ticks,1498827723841000000,i1709,4705,4710,996,4705,404,74,42762,GMT+8
ticks,1498827724391000000,i1709,4710,4710,995,4705,457,24,42786,GMT+8
ticks,1498827724887000000,i1709,4710,4710,978,4705,459,70,42856,GMT+8
ticks,1498827725369000000,i1709,4710,4710,1081,4705,464,6,42862,GMT+8
ticks,1498827725873000000,i1709,4710,4710,1080,4705,497,8,42870,GMT+8
ticks,1498827726320000000,i1709,4705,4710,1116,4705,509,8,42878,GMT+8
ticks,1498827726861000000,i1709,4705,4710,1175,4705,507,10,42888,GMT+8
ticks,1498827727385000000,i1709,4705,4710,1180,4705,506,4,42892,GMT+8
ticks,1498827727801000000,i1709,4710,4710,1174,4705,611,28,42920,GMT+8
ticks,1498827728381000000,i1709,4705,4710,1174,4705,616,4,42924,GMT+8
ticks,1498827728853000000,i1709,4710,4710,1174,4705,577,80,43004,GMT+8
ticks,1498827729344000000,i1709,4705,4710,971,4705,603,224,43228,GMT+8
ticks,1498827729897000000,i1709,4705,4710,929,4705,613,8,43236,GMT+8
ticks,1498827730349000000,i1709,4710,4710,994,4705,801,10,43246,GMT+8
ticks,1498827730842000000,i1709,4710,4710,1034,4705,887,28,43274,GMT+8
ticks,1498827731382000000,i1709,4710,4710,1035,4705,932,0,43274,GMT+8
ticks,1498827731875000000,i1709,4705,4710,1057,4705,871,128,43402,GMT+8
ticks,1498827732392000000,i1709,4705,4710,1080,4705,861,8,43410,GMT+8
ticks,1498827732889000000,i1709,4710,4710,1046,4705,895,68,43478,GMT+8
ticks,1498827733388000000,i1709,4705,4710,1045,4705,901,4,43482,GMT+8
ticks,1498827733841000000,i1709,4710,4710,1041,4705,971,6,43488,GMT+8
ticks,1498827734342000000,i1709,4710,4710,1040,4705,956,22,43510,GMT+8
ticks,1498827734870000000,i1709,4705,4710,1027,4705,972,30,43540,GMT+8
ticks,1498827735387000000,i1709,4710,4710,1027,4705,971,10,43550,GMT+8
ticks,1498827735882000000,i1709,4705,4710,1024,4705,968,16,43566,GMT+8
ticks,1498827736343000000,i1709,4705,4710,1026,4705,993,10,43576,GMT+8
ticks,1498827736842000000,i1709,4710,4710,1033,4705,2015,6,43582,GMT+8
ticks,1498827737388000000,i1709,4710,4710,1038,4705,2022,8,43590,GMT+8
ticks,1498827737838000000,i1709,4710,4710,943,4705,1985,94,43684,GMT+8
ticks,1498827738367000000,i1709,4710,4710,868,4705,1903,218,43902,GMT+8
ticks,1498827738891000000,i1709,4710,4710,849,4705,1880,38,43940,GMT+8
ticks,1498827739382000000,i1709,4705,4710,857,4705,1883,4,43944,GMT+8
ticks,1498827739883000000,i1709,4710,4710,852,4705,1885,8,43952,GMT+8
ticks,1498827740356000000,i1709,4705,4710,826,4705,1888,46,43998,GMT+8
ticks,1498827740878000000,i1709,4710,4710,683,4705,1892,292,44290,GMT+8
ticks,1498827741383000000,i1709,4710,4710,665,4705,1893,70,44360,GMT+8
ticks,1498827741891000000,i1709,4710,4710,631,4705,1901,6,44366,GMT+8
ticks,1498827742386000000,i1709,4710,4710,628,4705,1907,10,44376,GMT+8
ticks,1498827742893000000,i1709,4710,4710,558,4705,1907,8,44384,GMT+8
ticks,1498827743388000000,i1709,4710,4710,658,4705,1905,46,44430,GMT+8
ticks,1498827743894000000,i1709,4710,4710,643,4705,1905,22,44452,GMT+8
ticks,1498827744385000000,i1709,4710,4710,520,4705,2045,278,44730,GMT+8
ticks,1498827744845000000,i1709,4705,4710,688,4705,2052,70,44800,GMT+8
ticks,1498827745385000000,i1709,4705,4710,689,4705,2050,4,44804,GMT+8
ticks,1498827745814000000,i1709,4705,4710,731,4705,2053,12,44816,GMT+8
ticks,1498827746391000000,i1709,4710,4710,730,4705,2054,2,44818,GMT+8
ticks,1498827746877000000,i1709,4710,4710,699,4705,2108,62,44880,GMT+8
ticks,1498827747308000000,i1709,4710,4710,714,4705,2211,10,44890,GMT+8
ticks,1498827747873000000,i1709,4710,4710,719,4705,2214,8,44898,GMT+8
ticks,1498827748393000000,i1709,4705,4710,718,4705,2221,6,44904,GMT+8
ticks,1498827748890000000,i1709,4710,4710,708,4705,2217,26,44930,GMT+8
ticks,1498827749374000000,i1709,4710,4710,685,4705,2165,172,45102,GMT+8
ticks,1498827749889000000,i1709,4710,4710,685,4705,2184,4,45106,GMT+8
ticks,1498827750388000000,i1709,4710,4710,703,4705,2183,10,45116,GMT+8
ticks,1498827750837000000,i1709,4705,4710,735,4705,2182,2,45118,GMT+8
ticks,1498827751385000000,i1709,4710,4710,715,4705,2183,38,45156,GMT+8
ticks,1498827751849000000,i1709,4710,4710,713,4705,2192,14,45170,GMT+8
ticks,1498827752275000000,i1709,4710,4710,710,4705,2184,6,45176,GMT+8
ticks,1498827752878000000,i1709,4705,4710,727,4705,2191,10,45186,GMT+8
ticks,1498827753371000000,i1709,4710,4710,811,4705,2099,6,45192,GMT+8
ticks,1498827753784000000,i1709,4710,4710,809,4705,2099,4,45196,GMT+8
ticks,1498827754342000000,i1709,4705,4710,819,4705,2101,28,45224,GMT+8
ticks,1498827754891000000,i1709,4705,4710,928,4705,2000,202,45426,GMT+8
ticks,1498827755380000000,i1709,4705,4710,884,4705,2000,0,45426,GMT+8
ticks,1498827755864000000,i1709,4710,4710,881,4705,2000,2,45428,GMT+8
ticks,1498827756372000000,i1709,4705,4710,881,4705,2002,8,45436,GMT+8
ticks,1498827756855000000,i1709,4710,4710,883,4705,2009,6,45442,GMT+8
ticks,1498827757396000000,i1709,4705,4710,869,4705,2015,10,45452,GMT+8
ticks,1498827757868000000,i1709,4710,4710,854,4705,2027,22,45474,GMT+8
ticks,1498827758350000000,i1709,4710,4710,844,4705,2037,20,45494,GMT+8
ticks,1498827758880000000,i1709,4710,4710,838,4705,2038,16,45510,GMT+8
ticks,1498827759358000000,i1709,4705,4710,831,4705,2039,4,45514,GMT+8
ticks,1498827759868000000,i1709,4710,4710,835,4705,2042,12,45526,GMT+8
ticks,1498827760378000000,i1709,4710,4710,812,4705,2053,8,45534,GMT+8
ticks,1498827760800000000,i1709,4710,4710,806,4705,1953,16,45550,GMT+8
ticks,1498827761362000000,i1709,4705,4710,863,4705,1954,2,45552,GMT+8
ticks,1498827761877000000,i1709,4705,4710,866,4705,1805,102,45654,GMT+8
ticks,1498827762314000000,i1709,4710,4710,894,4705,1655,18,45672,GMT+8
ticks,1498827762872000000,i1709,4705,4710,894,4705,1641,30,45702,GMT+8
ticks,1498827763369000000,i1709,4705,4710,897,4705,1642,0,45702,GMT+8
ticks,1498827763897000000,i1709,4710,4710,861,4705,1564,88,45790,GMT+8
ticks,1498827764394000000,i1709,4705,4710,865,4705,1490,92,45882,GMT+8
ticks,1498827764891000000,i1709,4705,4710,929,4705,666,1556,47438,GMT+8
ticks,1498827765349000000,i1709,4700,4705,364,4700,1862,1332,48770,GMT+8
ticks,1498827765896000000,i1709,4700,4705,1151,4700,1811,138,48908,GMT+8
ticks,1498827766384000000,i1709,4705,4705,1220,4700,1763,146,49054,GMT+8
ticks,1498827766878000000,i1709,4705,4705,1223,4700,1763,20,49074,GMT+8
ticks,1498827767397000000,i1709,4700,4705,1239,4700,1751,30,49104,GMT+8
ticks,1498827767770000000,i1709,4700,4705,1235,4700,1747,0,49104,GMT+8
ticks,1498827768368000000,i1709,4700,4705,1235,4700,1742,4,49108,GMT+8
ticks,1498827768894000000,i1709,4700,4705,1232,4700,1841,14,49122,GMT+8
ticks,1498827769357000000,i1709,4700,4705,1208,4700,1822,40,49162,GMT+8
ticks,1498827769842000000,i1709,4700,4705,492,4700,1852,424,49586,GMT+8
ticks,1498827770377000000,i1709,4705,4710,1090,4705,504,1042,50628,GMT+8
ticks,1498827770895000000,i1709,4705,4710,1086,4705,574,8,50636,GMT+8
ticks,1498827771391000000,i1709,4705,4710,1083,4705,535,94,50730,GMT+8
ticks,1498827771865000000,i1709,4705,4710,987,4705,531,20,50750,GMT+8
ticks,1498827772393000000,i1709,4705,4710,921,4705,539,14,50764,GMT+8
ticks,1498827772897000000,i1709,4705,4710,942,4705,546,24,50788,GMT+8
ticks,1498827773362000000,i1709,4705,4710,952,4705,516,64,50852,GMT+8
ticks,1498827773878000000,i1709,4705,4710,955,4705,485,64,50916,GMT+8
ticks,1498827774277000000,i1709,4705,4710,955,4705,487,2,50918,GMT+8
ticks,1498827774880000000,i1709,4705,4710,1287,4705,368,166,51084,GMT+8
ticks,1498827775397000000,i1709,4705,4705,295,4700,1859,716,51800,GMT+8
ticks,1498827775872000000,i1709,4700,4705,415,4700,1853,16,51816,GMT+8
ticks,1498827776395000000,i1709,4700,4705,452,4700,1857,16,51832,GMT+8
ticks,1498827776895000000,i1709,4705,4705,496,4700,1859,6,51838,GMT+8
ticks,1498827777364000000,i1709,4705,4705,503,4700,1865,16,51854,GMT+8
ticks,1498827777881000000,i1709,4705,4705,508,4700,1885,10,51864,GMT+8
ticks,1498827778336000000,i1709,4705,4705,499,4700,1875,32,51896,GMT+8
ticks,1498827778892000000,i1709,4705,4705,519,4700,1875,24,51920,GMT+8
ticks,1498827779378000000,i1709,4705,4710,1316,4705,244,980,52900,GMT+8
ticks,1498827779895000000,i1709,4705,4710,1354,4705,293,30,52930,GMT+8
ticks,1498827780252000000,i1709,4710,4710,1324,4705,287,14,52944,GMT+8
ticks,1498827780890000000,i1709,4705,4710,1316,4705,283,18,52962,GMT+8
ticks,1498827781333000000,i1709,4705,4710,1319,4705,299,34,52996,GMT+8
ticks,1498827781847000000,i1709,4705,4710,1525,4705,280,40,53036,GMT+8
ticks,1498827782398000000,i1709,4705,4710,1527,4705,263,46,53082,GMT+8
ticks,1498827782846000000,i1709,4705,4710,1530,4705,356,16,53098,GMT+8
ticks,1498827783330000000,i1709,4705,4710,1531,4705,314,92,53190,GMT+8
ticks,1498827783879000000,i1709,4705,4710,1533,4705,235,210,53400,GMT+8
ticks,1498827784387000000,i1709,4705,4710,1529,4705,231,8,53408,GMT+8
ticks,1498827784892000000,i1709,4705,4710,1530,4705,228,14,53422,GMT+8
ticks,1498827785357000000,i1709,4705,4710,1530,4705,215,42,53464,GMT+8
ticks,1498827785844000000,i1709,4710,4710,1529,4705,193,48,53512,GMT+8
ticks,1498827786392000000,i1709,4705,4710,1527,4705,116,154,53666,GMT+8
ticks,1498827786876000000,i1709,4705,4710,1525,4705,106,42,53708,GMT+8
ticks,1498827787380000000,i1709,4705,4710,1527,4705,107,10,53718,GMT+8
ticks,1498827787890000000,i1709,4705,4710,1516,4705,118,18,53736,GMT+8
ticks,1498827788386000000,i1709,4705,4710,1515,4705,280,4,53740,GMT+8
ticks,1498827788840000000,i1709,4705,4710,1509,4705,354,16,53756,GMT+8
ticks,1498827789383000000,i1709,4705,4710,1411,4705,578,2,53758,GMT+8
ticks,1498827789890000000,i1709,4705,4710,1409,4705,677,20,53778,GMT+8
ticks,1498827790378000000,i1709,4705,4710,1412,4705,685,0,53778,GMT+8
ticks,1498827790883000000,i1709,4705,4710,1412,4705,683,12,53790,GMT+8
ticks,1498827791347000000,i1709,4705,4710,1291,4705,628,118,53908,GMT+8
ticks,1498827791894000000,i1709,4705,4710,1291,4705,635,16,53924,GMT+8
ticks,1498827792395000000,i1709,4705,4710,1271,4705,645,14,53938,GMT+8
ticks,1498827792888000000,i1709,4710,4710,1275,4705,649,2,53940,GMT+8
ticks,1498827793345000000,i1709,4710,4710,1283,4705,667,0,53940,GMT+8
ticks,1498827793870000000,i1709,4705,4710,1283,4705,664,12,53952,GMT+8
ticks,1498827794337000000,i1709,4705,4710,1283,4705,665,0,53952,GMT+8
ticks,1498827794869000000,i1709,4705,4710,1283,4705,672,0,53952,GMT+8
ticks,1498827795242000000,i1709,4710,4710,1253,4705,674,60,54012,GMT+8
ticks,1498827795838000000,i1709,4705,4710,1254,4705,673,2,54014,GMT+8
ticks,1498827796371000000,i1709,4705,4710,1254,4705,674,0,54014,GMT+8
ticks,1498827796854000000,i1709,4705,4710,1259,4705,675,4,54018,GMT+8
ticks,1498827797381000000,i1709,4705,4710,1259,4705,679,10,54028,GMT+8
ticks,1498827797852000000,i1709,4705,4710,1237,4705,679,56,54084,GMT+8
ticks,1498827798367000000,i1709,4705,4710,1236,4705,629,108,54192,GMT+8
ticks,1498827798858000000,i1709,4710,4710,1227,4705,629,26,54218,GMT+8
ticks,1498827799354000000,i1709,4705,4710,1226,4705,685,2,54220,GMT+8
ticks,1498827799879000000,i1709,4710,4710,1222,4705,692,4,54224,GMT+8
ticks,1498827800301000000,i1709,4705,4710,1221,4705,746,6,54230,GMT+8
ticks,1498827800812000000,i1709,4710,4710,1235,4705,753,8,54238,GMT+8
ticks,1498827801395000000,i1709,4710,4710,1234,4705,752,4,54242,GMT+8
ticks,1498827801867000000,i1709,4705,4710,1232,4705,754,4,54246,GMT+8
ticks,1498827802361000000,i1709,4710,4710,1234,4705,753,6,54252,GMT+8
ticks,1498827802872000000,i1709,4710,4710,1239,4705,753,0,54252,GMT+8
ticks,1498827803290000000,i1709,4710,4710,1239,4705,776,0,54252,GMT+8
ticks,1498827803887000000,i1709,4710,4710,1370,4705,836,8,54260,GMT+8
ticks,1498827804377000000,i1709,4710,4710,1360,4705,839,34,54294,GMT+8
ticks,1498827804883000000,i1709,4710,4710,1313,4705,841,0,54294,GMT+8
ticks,1498827805398000000,i1709,4705,4710,1313,4705,842,18,54312,GMT+8
ticks,1498827805886000000,i1709,4705,4710,1312,4705,836,38,54350,GMT+8
ticks,1498827806381000000,i1709,4705,4710,1311,4705,861,0,54350,GMT+8
ticks,1498827806879000000,i1709,4705,4710,1311,4705,869,6,54356,GMT+8
ticks,1498827807396000000,i1709,4705,4710,1311,4705,868,10,54366,GMT+8
ticks,1498827807878000000,i1709,4710,4710,1311,4705,876,2,54368,GMT+8
ticks,1498827808341000000,i1709,4710,4710,1310,4705,878,2,54370,GMT+8
ticks,1498827808854000000,i1709,4705,4710,1345,4705,879,6,54376,GMT+8
ticks,1498827809277000000,i1709,4710,4710,1341,4705,970,10,54386,GMT+8
ticks,1498827809889000000,i1709,4710,4710,1340,4705,970,2,54388,GMT+8
ticks,1498827810386000000,i1709,4710,4710,1336,4705,977,8,54396,GMT+8
ticks,1498827810841000000,i1709,4710,4710,1134,4705,990,4,54400,GMT+8
ticks,1498827811384000000,i1709,4710,4710,1137,4705,990,26,54426,GMT+8
ticks,1498827811895000000,i1709,4710,4710,1097,4705,991,0,54426,GMT+8
ticks,1498827812381000000,i1709,4710,4710,1097,4705,1001,2,54428,GMT+8
ticks,1498827812841000000,i1709,4710,4710,1091,4705,1008,2,54430,GMT+8
ticks,1498827813327000000,i1709,4710,4710,1033,4705,1006,128,54558,GMT+8
ticks,1498827813881000000,i1709,4710,4710,1032,4705,1062,2,54560,GMT+8
ticks,1498827814321000000,i1709,4710,4710,1027,4705,1062,10,54570,GMT+8
ticks,1498827814893000000,i1709,4705,4710,1027,4705,1073,12,54582,GMT+8
ticks,1498827815341000000,i1709,4705,4710,1027,4705,1086,0,54582,GMT+8
ticks,1498827815859000000,i1709,4705,4710,1027,4705,1095,6,54588,GMT+8
ticks,1498827816252000000,i1709,4705,4710,1025,4705,1101,10,54598,GMT+8
ticks,1498827816764000000,i1709,4710,4710,1005,4705,1101,40,54638,GMT+8
ticks,1498827817311000000,i1709,4710,4710,1000,4705,1108,10,54648,GMT+8
ticks,1498827817843000000,i1709,4710,4710,998,4705,1127,4,54652,GMT+8
ticks,1498827818328000000,i1709,4710,4710,997,4705,1132,2,54654,GMT+8
ticks,1498827818887000000,i1709,4710,4710,987,4705,1131,32,54686,GMT+8
ticks,1498827819292000000,i1709,4710,4710,985,4705,1129,2,54688,GMT+8
ticks,1498827819769000000,i1709,4710,4710,978,4705,1139,14,54702,GMT+8
ticks,1498827820397000000,i1709,4710,4710,950,4705,1140,56,54758,GMT+8
ticks,1498827820873000000,i1709,4710,4715,1182,4710,335,1892,56650,GMT+8
ticks,1498827821395000000,i1709,4715,4715,898,4710,782,140,56790,GMT+8
ticks,1498827821796000000,i1709,4710,4715,894,4710,844,12,56802,GMT+8
ticks,1498827822387000000,i1709,4710,4715,899,4710,878,4,56806,GMT+8
ticks,1498827822890000000,i1709,4715,4715,883,4710,868,30,56836,GMT+8
ticks,1498827823282000000,i1709,4715,4715,891,4710,870,0,56836,GMT+8
ticks,1498827823870000000,i1709,4715,4715,894,4710,872,0,56836,GMT+8
ticks,1498827824194000000,i1709,4710,4715,892,4710,869,2,56838,GMT+8
ticks,1498827824895000000,i1709,4710,4715,953,4710,651,14,56852,GMT+8
ticks,1498827825308000000,i1709,4715,4715,910,4710,655,90,56942,GMT+8
ticks,1498827825862000000,i1709,4715,4715,827,4710,657,24,56966,GMT+8
ticks,1498827826322000000,i1709,4715,4715,827,4710,643,10,56976,GMT+8
ticks,1498827826829000000,i1709,4715,4715,822,4710,631,10,56986,GMT+8
ticks,1498827827385000000,i1709,4715,4715,807,4710,631,16,57002,GMT+8
ticks,1498827827844000000,i1709,4715,4715,803,4710,634,6,57008,GMT+8
ticks,1498827828395000000,i1709,4715,4715,739,4710,633,6,57014,GMT+8
ticks,1498827828891000000,i1709,4715,4715,709,4710,669,50,57064,GMT+8
ticks,1498827829328000000,i1709,4715,4715,704,4710,669,12,57076,GMT+8
ticks,1498827829840000000,i1709,4715,4715,703,4710,672,0,57076,GMT+8
ticks,1498827830396000000,i1709,4715,4715,701,4710,683,2,57078,GMT+8
ticks,1498827830842000000,i1709,4715,4715,697,4710,686,8,57086,GMT+8
ticks,1498827831394000000,i1709,4715,4715,645,4710,688,106,57192,GMT+8
ticks,1498827831870000000,i1709,4715,4715,615,4710,691,16,57208,GMT+8
ticks,1498827832373000000,i1709,4715,4715,616,4710,697,0,57208,GMT+8
ticks,1498827832868000000,i1709,4710,4715,606,4710,1100,22,57230,GMT+8
ticks,1498827833392000000,i1709,4715,4715,605,4710,1101,2,57232,GMT+8
ticks,1498827833862000000,i1709,4715,4715,576,4710,1118,8,57240,GMT+8
ticks,1498827834390000000,i1709,4710,4715,574,4710,1109,6,57246,GMT+8
ticks,1498827834861000000,i1709,4715,4715,569,4710,1110,12,57258,GMT+8
ticks,1498827835396000000,i1709,4715,4715,607,4710,1114,4,57262,GMT+8
ticks,1498827835777000000,i1709,4715,4715,624,4710,1131,4,57266,GMT+8
ticks,1498827836321000000,i1709,4715,4715,606,4710,1141,38,57304,GMT+8
ticks,1498827836878000000,i1709,4715,4715,607,4710,1183,2,57306,GMT+8
ticks,1498827837321000000,i1709,4715,4715,605,4710,1253,8,57314,GMT+8
ticks,1498827837896000000,i1709,4715,4715,608,4710,1253,10,57324,GMT+8
ticks,1498827838391000000,i1709,4715,4715,607,4710,1286,4,57328,GMT+8
ticks,1498827838873000000,i1709,4715,4715,558,4710,1296,102,57430,GMT+8
ticks,1498827839398000000,i1709,4715,4715,505,4710,1304,104,57534,GMT+8
ticks,1498827839894000000,i1709,4715,4715,470,4710,1317,66,57600,GMT+8
ticks,1498827840350000000,i1709,4715,4715,474,4710,1319,0,57600,GMT+8
ticks,1498827840892000000,i1709,4715,4715,456,4710,1326,44,57644,GMT+8
ticks,1498827841387000000,i1709,4715,4715,446,4710,1336,22,57666,GMT+8
ticks,1498827841894000000,i1709,4715,4715,348,4710,1348,196,57862,GMT+8
ticks,1498827842329000000,i1709,4715,4715,346,4710,1349,4,57866,GMT+8
ticks,1498827842880000000,i1709,4715,4715,343,4710,1361,0,57866,GMT+8
ticks,1498827843370000000,i1709,4715,4715,332,4710,1366,28,57894,GMT+8
ticks,1498827843883000000,i1709,4715,4715,330,4710,1368,2,57896,GMT+8
ticks,1498827844368000000,i1709,4715,4715,325,4710,1368,10,57906,GMT+8
ticks,1498827844851000000,i1709,4715,4715,308,4710,1370,34,57940,GMT+8
ticks,1498827845362000000,i1709,4715,4715,305,4710,1370,14,57954,GMT+8
ticks,1498827845896000000,i1709,4715,4715,288,4710,1429,38,57992,GMT+8
ticks,1498827846309000000,i1709,4715,4715,268,4710,1433,20,58012,GMT+8
ticks,1498827846869000000,i1709,4715,4715,291,4710,1435,26,58038,GMT+8
ticks,1498827847386000000,i1709,4715,4715,289,4710,1435,4,58042,GMT+8
ticks,1498827847870000000,i1709,4715,4715,180,4710,1438,228,58270,GMT+8
ticks,1498827848389000000,i1709,4715,4715,178,4710,1444,4,58274,GMT+8
ticks,1498827848797000000,i1709,4715,4715,13,4710,1444,336,58610,GMT+8
ticks,1498827849378000000,i1709,4715,4720,832,4715,3,42,58652,GMT+8
ticks,1498827849872000000,i1709,4715,4720,806,4715,133,26,58678,GMT+8
ticks,1498827850363000000,i1709,4715,4720,806,4715,165,160,58838,GMT+8
ticks,1498827850874000000,i1709,4715,4715,253,4710,1447,446,59284,GMT+8
ticks,1498827851297000000,i1709,4715,4715,234,4710,1460,28,59312,GMT+8
ticks,1498827851889000000,i1709,4715,4715,344,4710,1460,56,59368,GMT+8
ticks,1498827852158000000,i1709,4715,4715,342,4710,1458,4,59372,GMT+8
ticks,1498827852894000000,i1709,4715,4715,368,4710,1458,6,59378,GMT+8
ticks,1498827853397000000,i1709,4715,4715,429,4710,1438,32,59410,GMT+8
ticks,1498827853897000000,i1709,4715,4715,430,4710,1421,0,59410,GMT+8
ticks,1498827854292000000,i1709,4715,4715,430,4710,1022,2,59412,GMT+8
ticks,1498827854800000000,i1709,4715,4715,319,4710,1050,8,59420,GMT+8
ticks,1498827855374000000,i1709,4715,4715,336,4710,1059,8,59428,GMT+8
ticks,1498827855870000000,i1709,4715,4715,335,4710,1062,0,59428,GMT+8
ticks,1498827856356000000,i1709,4710,4715,336,4710,1057,16,59444,GMT+8
ticks,1498827856839000000,i1709,4710,4715,336,4710,1059,0,59444,GMT+8
ticks,1498827857394000000,i1709,4710,4715,308,4710,1062,0,59444,GMT+8
ticks,1498827857854000000,i1709,4715,4715,266,4710,1059,80,59524,GMT+8
ticks,1498827858381000000,i1709,4715,4715,256,4710,1011,120,59644,GMT+8
ticks,1498827858879000000,i1709,4715,4715,247,4710,1041,20,59664,GMT+8
ticks,1498827859357000000,i1709,4715,4715,241,4710,1066,12,59676,GMT+8
ticks,1498827859867000000,i1709,4715,4715,229,4710,1068,106,59782,GMT+8
ticks,1498827860373000000,i1709,4715,4715,227,4710,1072,4,59786,GMT+8
ticks,1498827860888000000,i1709,4710,4715,231,4710,1170,8,59794,GMT+8
ticks,1498827861391000000,i1709,4715,4715,231,4710,1171,2,59796,GMT+8
ticks,1498827861830000000,i1709,4715,4715,238,4710,1171,2,59798,GMT+8
ticks,1498827862345000000,i1709,4715,4715,238,4710,1169,0,59798,GMT+8
ticks,1498827862652000000,i1709,4715,4715,237,4710,1169,2,59800,GMT+8
ticks,1498827863371000000,i1709,4715,4715,230,4710,1179,16,59816,GMT+8
ticks,1498827863893000000,i1709,4715,4715,228,4710,1177,12,59828,GMT+8
ticks,1498827864376000000,i1709,4715,4715,224,4710,1179,8,59836,GMT+8
ticks,1498827864865000000,i1709,4710,4715,235,4710,1187,10,59846,GMT+8
ticks,1498827865346000000,i1709,4715,4715,243,4710,1188,6,59852,GMT+8
ticks,1498827865850000000,i1709,4715,4715,265,4710,1190,6,59858,GMT+8
ticks,1498827866254000000,i1709,4715,4715,259,4710,1190,14,59872,GMT+8
ticks,1498827866897000000,i1709,4715,4715,232,4710,1192,6,59878,GMT+8
ticks,1498827867377000000,i1709,4715,4715,157,4710,1292,22,59900,GMT+8
ticks,1498827867888000000,i1709,4710,4720,849,4715,4,318,60218,GMT+8
ticks,1498827868297000000,i1709,4715,4720,820,4715,136,44,60262,GMT+8
ticks,1498827868878000000,i1709,4715,4720,821,4715,278,12,60274,GMT+8
ticks,1498827869386000000,i1709,4715,4720,823,4715,367,0,60274,GMT+8
ticks,1498827869796000000,i1709,4715,4720,819,4715,475,0,60274,GMT+8
ticks,1498827870348000000,i1709,4715,4720,689,4715,481,0,60274,GMT+8
ticks,1498827870865000000,i1709,4720,4720,688,4715,491,2,60276,GMT+8
ticks,1498827871390000000,i1709,4720,4720,646,4715,487,28,60304,GMT+8
ticks,1498827871864000000,i1709,4715,4720,544,4715,540,2,60306,GMT+8
ticks,1498827872307000000,i1709,4720,4720,539,4715,540,10,60316,GMT+8
ticks,1498827872896000000,i1709,4720,4720,515,4715,542,48,60364,GMT+8
ticks,1498827873394000000,i1709,4720,4720,370,4715,553,290,60654,GMT+8
ticks,1498827873894000000,i1709,4720,4725,791,4720,358,742,61396,GMT+8
ticks,1498827874338000000,i1709,4720,4725,792,4720,441,2,61398,GMT+8
ticks,1498827874883000000,i1709,4720,4725,686,4720,469,8,61406,GMT+8
ticks,1498827875329000000,i1709,4720,4725,682,4720,472,0,61406,GMT+8
ticks,1498827875842000000,i1709,4725,4725,650,4720,473,20,61426,GMT+8
ticks,1498827876289000000,i1709,4725,4725,879,4720,463,44,61470,GMT+8
ticks,1498827876861000000,i1709,4725,4725,945,4720,460,26,61496,GMT+8
ticks,1498827877369000000,i1709,4720,4725,942,4720,446,6,61502,GMT+8
ticks,1498827877862000000,i1709,4725,4725,930,4720,448,2,61504,GMT+8
ticks,1498827878386000000,i1709,4725,4725,939,4720,447,12,61516,GMT+8
ticks,1498827878855000000,i1709,4725,4725,942,4720,440,4,61520,GMT+8
ticks,1498827879387000000,i1709,4725,4725,925,4720,468,8,61528,GMT+8
ticks,1498827879852000000,i1709,4725,4725,918,4720,505,18,61546,GMT+8
ticks,1498827880335000000,i1709,4725,4725,854,4720,516,14,61560,GMT+8
ticks,1498827880797000000,i1709,4725,4725,850,4720,517,10,61570,GMT+8
ticks,1498827881370000000,i1709,4725,4725,845,4720,525,10,61580,GMT+8
ticks,1498827881779000000,i1709,4725,4725,842,4720,526,12,61592,GMT+8
ticks,1498827882342000000,i1709,4725,4725,837,4720,498,70,61662,GMT+8
ticks,1498827882893000000,i1709,4725,4725,846,4720,497,0,61662,GMT+8
ticks,1498827883389000000,i1709,4725,4725,935,4720,502,22,61684,GMT+8
ticks,1498827883857000000,i1709,4725,4725,929,4720,447,6,61690,GMT+8
ticks,1498827884367000000,i1709,4725,4725,920,4720,450,20,61710,GMT+8
ticks,1498827884865000000,i1709,4725,4725,918,4720,451,6,61716,GMT+8
ticks,1498827885331000000,i1709,4725,4725,915,4720,550,6,61722,GMT+8
ticks,1498827885896000000,i1709,4725,4725,908,4720,549,12,61734,GMT+8
ticks,1498827886373000000,i1709,4725,4725,896,4720,556,24,61758,GMT+8
ticks,1498827886840000000,i1709,4725,4725,893,4720,569,6,61764,GMT+8
ticks,1498827887359000000,i1709,4725,4725,889,4720,569,12,61776,GMT+8
ticks,1498827887844000000,i1709,4720,4725,883,4720,574,14,61790,GMT+8
ticks,1498827888297000000,i1709,4720,4725,900,4720,567,42,61832,GMT+8
ticks,1498827888873000000,i1709,4725,4725,1000,4720,563,2,61834,GMT+8
ticks,1498827889382000000,i1709,4725,4725,1000,4720,575,10,61844,GMT+8
ticks,1498827889878000000,i1709,4725,4725,1003,4720,575,6,61850,GMT+8
ticks,1498827890360000000,i1709,4725,4725,994,4720,583,18,61868,GMT+8
ticks,1498827890878000000,i1709,4725,4725,984,4720,585,4,61872,GMT+8
ticks,1498827891248000000,i1709,4725,4725,983,4720,587,2,61874,GMT+8
ticks,1498827891842000000,i1709,4720,4725,979,4720,585,14,61888,GMT+8
ticks,1498827892319000000,i1709,4720,4725,989,4720,594,0,61888,GMT+8
ticks,1498827892819000000,i1709,4720,4725,987,4720,596,8,61896,GMT+8
ticks,1498827893374000000,i1709,4725,4725,985,4720,560,84,61980,GMT+8
ticks,1498827893886000000,i1709,4720,4725,986,4720,659,6,61986,GMT+8
ticks,1498827894313000000,i1709,4725,4725,984,4720,722,6,61992,GMT+8
ticks,1498827894898000000,i1709,4725,4725,967,4720,720,42,62034,GMT+8
ticks,1498827895349000000,i1709,4725,4725,966,4720,736,2,62036,GMT+8
ticks,1498827895842000000,i1709,4725,4725,859,4720,745,218,62254,GMT+8
ticks,1498827896370000000,i1709,4725,4725,863,4720,756,2,62256,GMT+8
ticks,1498827896886000000,i1709,4720,4725,848,4720,789,48,62304,GMT+8
ticks,1498827897386000000,i1709,4725,4725,846,4720,794,4,62308,GMT+8
ticks,1498827897864000000,i1709,4725,4725,845,4720,746,102,62410,GMT+8
ticks,1498827898397000000,i1709,4720,4725,846,4720,753,18,62428,GMT+8
ticks,1498827898879000000,i1709,4725,4725,842,4720,760,8,62436,GMT+8
ticks,1498827899396000000,i1709,4725,4725,841,4720,772,6,62442,GMT+8
ticks,1498827899818000000,i1709,4725,4725,809,4720,773,14,62456,GMT+8
ticks,1498827900397000000,i1709,4725,4725,787,4720,768,44,62500,GMT+8
ticks,1498827900899000000,i1709,4725,4725,892,4720,790,2,62502,GMT+8
ticks,1498827901387000000,i1709,4720,4725,890,4720,717,50,62552,GMT+8
ticks,1498827901885000000,i1709,4720,4725,923,4720,653,32,62584,GMT+8
ticks,1498827902399000000,i1709,4720,4720,95,4715,1048,1270,63854,GMT+8
ticks,1498827902861000000,i1709,4720,4720,146,4715,1010,234,64088,GMT+8
ticks,1498827903352000000,i1709,4715,4715,8,4710,1176,2206,66294,GMT+8
ticks,1498827903807000000,i1709,4720,4720,670,4715,207,1164,67458,GMT+8
ticks,1498827904326000000,i1709,4715,4720,745,4715,450,10,67468,GMT+8
ticks,1498827904876000000,i1709,4720,4720,896,4715,706,10,67478,GMT+8
ticks,1498827905379000000,i1709,4720,4720,921,4715,640,146,67624,GMT+8
ticks,1498827905802000000,i1709,4720,4720,918,4715,653,4,67628,GMT+8
ticks,1498827906379000000,i1709,4720,4720,911,4715,653,24,67652,GMT+8
ticks,1498827906896000000,i1709,4715,4720,899,4710,1184,892,68544,GMT+8
ticks,1498827907376000000,i1709,4715,4715,850,4710,1076,2,68546,GMT+8
ticks,1498827907889000000,i1709,4715,4715,809,4710,1077,164,68710,GMT+8
ticks,1498827908324000000,i1709,4715,4715,900,4710,1077,2,68712,GMT+8
ticks,1498827908837000000,i1709,4715,4715,895,4710,1066,12,68724,GMT+8
ticks,1498827909395000000,i1709,4715,4715,316,4710,1067,4,68728,GMT+8
ticks,1498827909893000000,i1709,4715,4720,839,4715,226,706,69434,GMT+8
ticks,1498827910343000000,i1709,4715,4720,841,4715,258,0,69434,GMT+8
ticks,1498827910841000000,i1709,4720,4720,842,4715,264,2,69436,GMT+8
ticks,1498827911379000000,i1709,4720,4720,765,4715,272,0,69436,GMT+8
ticks,1498827911797000000,i1709,4720,4720,763,4715,274,4,69440,GMT+8
ticks,1498827912335000000,i1709,4715,4720,904,4715,252,20,69460,GMT+8
ticks,1498827912764000000,i1709,4715,4720,905,4715,243,20,69480,GMT+8
ticks,1498827913345000000,i1709,4715,4715,180,4710,1125,488,69968,GMT+8
ticks,1498827913875000000,i1709,4715,4715,269,4710,1126,6,69974,GMT+8
ticks,1498827914354000000,i1709,4715,4715,283,4710,1127,4,69978,GMT+8
ticks,1498827914898000000,i1709,4715,4715,268,4710,1139,22,70000,GMT+8
ticks,1498827915368000000,i1709,4715,4715,258,4710,1136,20,70020,GMT+8
ticks,1498827915857000000,i1709,4715,4715,260,4710,1137,4,70024,GMT+8
ticks,1498827916369000000,i1709,4715,4715,251,4710,1139,22,70046,GMT+8
ticks,1498827916724000000,i1709,4710,4715,250,4710,1136,8,70054,GMT+8
ticks,1498827917390000000,i1709,4715,4715,182,4710,1150,136,70190,GMT+8
ticks,1498827917885000000,i1709,4715,4720,1041,4715,172,348,70538,GMT+8
ticks,1498827918381000000,i1709,4720,4720,1041,4715,324,2,70540,GMT+8
ticks,1498827918889000000,i1709,4715,4720,1043,4715,344,22,70562,GMT+8
ticks,1498827919374000000,i1709,4715,4720,1040,4715,345,4,70566,GMT+8
ticks,1498827919825000000,i1709,4715,4720,1040,4715,381,0,70566,GMT+8
ticks,1498827920388000000,i1709,4720,4720,947,4715,384,26,70592,GMT+8
ticks,1498827920894000000,i1709,4720,4720,951,4715,429,0,70592,GMT+8
ticks,1498827921368000000,i1709,4720,4720,952,4715,455,0,70592,GMT+8
ticks,1498827921890000000,i1709,4720,4720,950,4715,455,6,70598,GMT+8
ticks,1498827922357000000,i1709,4720,4720,951,4715,457,0,70598,GMT+8
ticks,1498827922894000000,i1709,4720,4725,1119,4720,168,1920,72518,GMT+8
ticks,1498827923391000000,i1709,4720,4725,1120,4720,204,2,72520,GMT+8
ticks,1498827923869000000,i1709,4725,4725,1117,4720,281,18,72538,GMT+8
ticks,1498827924390000000,i1709,4725,4725,1095,4720,305,36,72574,GMT+8
ticks,1498827924853000000,i1709,4720,4725,1100,4720,279,104,72678,GMT+8
ticks,1498827925365000000,i1709,4720,4725,1100,4720,316,2,72680,GMT+8
ticks,1498827925854000000,i1709,4720,4725,1099,4720,311,6,72686,GMT+8
ticks,1498827926332000000,i1709,4720,4725,1099,4720,305,12,72698,GMT+8
ticks,1498827926895000000,i1709,4720,4725,1350,4720,318,44,72742,GMT+8
ticks,1498827927384000000,i1709,4720,4720,442,4715,758,636,73378,GMT+8
ticks,1498827927824000000,i1709,4720,4720,521,4715,758,8,73386,GMT+8
ticks,1498827928365000000,i1709,4720,4720,268,4715,858,8,73394,GMT+8
ticks,1498827928819000000,i1709,4720,4720,308,4715,999,2,73396,GMT+8
ticks,1498827929391000000,i1709,4720,4720,314,4715,999,2,73398,GMT+8
ticks,1498827929872000000,i1709,4720,4720,314,4715,999,4,73402,GMT+8
ticks,1498827930388000000,i1709,4720,4720,311,4715,1000,6,73408,GMT+8
ticks,1498827930896000000,i1709,4720,4720,305,4715,958,4,73412,GMT+8
ticks,1498827931393000000,i1709,4720,4720,336,4715,959,8,73420,GMT+8
ticks,1498827931806000000,i1709,4720,4720,342,4715,959,4,73424,GMT+8
ticks,1498827932366000000,i1709,4720,4720,341,4715,959,4,73428,GMT+8
ticks,1498827932713000000,i1709,4720,4720,342,4715,953,2,73430,GMT+8
ticks,1498827933304000000,i1709,4720,4720,340,4715,954,6,73436,GMT+8
ticks,1498827933860000000,i1709,4720,4720,339,4715,954,6,73442,GMT+8
ticks,1498827934345000000,i1709,4720,4720,339,4715,960,0,73442,GMT+8
ticks,1498827934814000000,i1709,4715,4720,339,4715,960,2,73444,GMT+8
ticks,1498827935332000000,i1709,4715,4720,350,4715,962,0,73444,GMT+8
ticks,1498827935860000000,i1709,4720,4720,348,4715,956,18,73462,GMT+8
ticks,1498827936874000000,i1709,4720,4720,349,4715,959,2,73464,GMT+8
ticks,1498827937358000000,i1709,4720,4720,364,4715,956,12,73476,GMT+8
ticks,1498827937862000000,i1709,4720,4720,384,4715,957,4,73480,GMT+8
ticks,1498827938396000000,i1709,4720,4720,421,4715,1039,0,73480,GMT+8
ticks,1498827938851000000,i1709,4720,4720,421,4715,1038,2,73482,GMT+8
ticks,1498827939341000000,i1709,4720,4720,420,4715,1039,2,73484,GMT+8
ticks,1498827939796000000,i1709,4715,4720,420,4715,1053,40,73524,GMT+8
ticks,1498827940304000000,i1709,4715,4720,440,4715,1052,0,73524,GMT+8
ticks,1498827940898000000,i1709,4715,4720,436,4715,1101,14,73538,GMT+8
ticks,1498827941375000000,i1709,4715,4720,435,4715,1112,0,73538,GMT+8
ticks,1498827941838000000,i1709,4715,4720,412,4715,1160,0,73538,GMT+8
ticks,1498827942375000000,i1709,4715,4720,414,4715,1183,0,73538,GMT+8
ticks,1498827942898000000,i1709,4720,4720,366,4715,1185,100,73638,GMT+8
ticks,1498827943380000000,i1709,4715,4720,327,4715,1181,96,73734,GMT+8
ticks,1498827943888000000,i1709,4715,4720,329,4715,1221,4,73738,GMT+8
ticks,1498827944395000000,i1709,4720,4720,371,4715,1223,2,73740,GMT+8
ticks,1498827944725000000,i1709,4720,4720,379,4715,1224,0,73740,GMT+8
ticks,1498827945381000000,i1709,4720,4720,346,4715,1226,14,73754,GMT+8
ticks,1498827945886000000,i1709,4720,4720,345,4715,1226,4,73758,GMT+8
ticks,1498827946387000000,i1709,4720,4720,376,4715,1231,4,73762,GMT+8
ticks,1498827946856000000,i1709,4720,4720,378,4715,1232,0,73762,GMT+8
ticks,1498827947271000000,i1709,4720,4720,346,4715,1233,0,73762,GMT+8
ticks,1498827947827000000,i1709,4720,4720,342,4715,1233,0,73762,GMT+8
ticks,1498827948355000000,i1709,4720,4720,344,4715,1233,8,73770,GMT+8
ticks,1498827948894000000,i1709,4720,4720,351,4715,1232,10,73780,GMT+8
ticks,1498827949239000000,i1709,4720,4720,354,4715,1232,0,73780,GMT+8
ticks,1498827949879000000,i1709,4720,4720,375,4715,1231,2,73782,GMT+8
ticks,1498827950376000000,i1709,4720,4720,376,4715,1231,0,73782,GMT+8
ticks,1498827950833000000,i1709,4715,4720,376,4715,1224,8,73790,GMT+8
ticks,1498827951388000000,i1709,4715,4720,316,4715,1187,196,73986,GMT+8
ticks,1498827951874000000,i1709,4715,4720,315,4715,1185,14,74000,GMT+8
ticks,1498827952369000000,i1709,4720,4720,227,4715,1186,178,74178,GMT+8
ticks,1498827952888000000,i1709,4720,4720,203,4715,1187,48,74226,GMT+8
ticks,1498827953376000000,i1709,4720,4720,175,4715,1190,56,74282,GMT+8
ticks,1498827953872000000,i1709,4720,4725,1163,4720,46,392,74674,GMT+8
ticks,1498827954387000000,i1709,4720,4725,1270,4720,67,2,74676,GMT+8
ticks,1498827954849000000,i1709,4720,4720,207,4715,1231,170,74846,GMT+8
ticks,1498827955362000000,i1709,4720,4720,210,4715,1232,2,74848,GMT+8
ticks,1498827955762000000,i1709,4720,4720,315,4715,1232,6,74854,GMT+8
ticks,1498827956299000000,i1709,4720,4720,315,4715,1233,0,74854,GMT+8
ticks,1498827956827000000,i1709,4720,4720,329,4715,1233,0,74854,GMT+8
ticks,1498827957383000000,i1709,4720,4720,326,4715,1233,16,74870,GMT+8
ticks,1498827957876000000,i1709,4720,4720,368,4715,1234,2,74872,GMT+8
ticks,1498827958376000000,i1709,4715,4720,367,4715,1232,6,74878,GMT+8
ticks,1498827958728000000,i1709,4720,4720,349,4715,1232,36,74914,GMT+8
ticks,1498827959380000000,i1709,4720,4720,350,4715,1233,2,74916,GMT+8
ticks,1498827959831000000,i1709,4720,4720,316,4715,1234,6,74922,GMT+8
ticks,1498827960374000000,i1709,4720,4720,314,4715,1234,4,74926,GMT+8
ticks,1498827960796000000,i1709,4720,4720,323,4715,1234,2,74928,GMT+8
ticks,1498827961389000000,i1709,4720,4720,322,4715,1241,2,74930,GMT+8
ticks,1498827961728000000,i1709,4720,4720,323,4715,1241,0,74930,GMT+8
ticks,1498827962343000000,i1709,4715,4720,323,4715,1242,4,74934,GMT+8
ticks,1498827962898000000,i1709,4715,4720,323,4715,1245,2,74936,GMT+8
ticks,1498827963304000000,i1709,4715,4720,329,4715,1245,2,74938,GMT+8
ticks,1498827963897000000,i1709,4720,4720,381,4715,1245,2,74940,GMT+8
ticks,1498827964398000000,i1709,4720,4720,386,4715,1245,0,74940,GMT+8
ticks,1498827964881000000,i1709,4720,4720,387,4715,1226,0,74940,GMT+8
ticks,1498827965337000000,i1709,4720,4720,389,4715,1227,2,74942,GMT+8
ticks,1498827965884000000,i1709,4720,4720,386,4715,1130,212,75154,GMT+8
ticks,1498827966357000000,i1709,4720,4720,374,4715,1133,24,75178,GMT+8
ticks,1498827966851000000,i1709,4720,4720,271,4715,1134,208,75386,GMT+8
ticks,1498827967353000000,i1709,4720,4720,236,4715,1134,4,75390,GMT+8
ticks,1498827967828000000,i1709,4720,4720,236,4715,1134,6,75396,GMT+8
ticks,1498827968395000000,i1709,4720,4725,1202,4720,14,478,75874,GMT+8
ticks,1498827968849000000,i1709,4725,4725,1201,4720,23,2,75876,GMT+8
ticks,1498827969341000000,i1709,4720,4725,1310,4720,21,20,75896,GMT+8
ticks,1498827969780000000,i1709,4720,4720,70,4715,1129,62,75958,GMT+8
ticks,1498827970355000000,i1709,4720,4720,97,4715,1126,12,75970,GMT+8
ticks,1498827970875000000,i1709,4720,4720,87,4715,1137,30,76000,GMT+8
ticks,1498827971343000000,i1709,4720,4725,1309,4720,181,180,76180,GMT+8
ticks,1498827971751000000,i1709,4720,4725,1309,4720,182,10,76190,GMT+8
ticks,1498827972387000000,i1709,4720,4725,1309,4720,218,2,76192,GMT+8
ticks,1498827972896000000,i1709,4720,4725,1312,4720,213,10,76202,GMT+8
ticks,1498827973335000000,i1709,4720,4725,1317,4720,313,22,76224,GMT+8
ticks,1498827973801000000,i1709,4720,4725,1322,4720,69,488,76712,GMT+8
ticks,1498827974398000000,i1709,4720,4720,33,4715,1117,370,77082,GMT+8
ticks,1498827974870000000,i1709,4720,4725,1323,4720,16,150,77232,GMT+8
ticks,1498827975275000000,i1709,4720,4725,1324,4720,13,6,77238,GMT+8
ticks,1498827975891000000,i1709,4720,4725,1323,4720,25,8,77246,GMT+8
ticks,1498827976390000000,i1709,4720,4725,1323,4720,22,8,77254,GMT+8
ticks,1498827976622000000,i1709,4720,4720,82,4715,1211,46,77300,GMT+8
ticks,1498827977334000000,i1709,4720,4720,213,4715,1143,122,77422,GMT+8
ticks,1498827977888000000,i1709,4720,4720,238,4715,1141,68,77490,GMT+8
ticks,1498827978396000000,i1709,4720,4720,205,4715,1148,8,77498,GMT+8
ticks,1498827978867000000,i1709,4720,4720,169,4715,1169,0,77498,GMT+8
ticks,1498827979335000000,i1709,4720,4725,1327,4720,129,288,77786,GMT+8
ticks,1498827979816000000,i1709,4720,4725,1332,4720,154,0,77786,GMT+8
ticks,1498827980358000000,i1709,4725,4725,1331,4720,166,2,77788,GMT+8
ticks,1498827980812000000,i1709,4720,4725,1333,4720,187,16,77804,GMT+8
ticks,1498827981388000000,i1709,4720,4725,1336,4720,211,2,77806,GMT+8
ticks,1498827981868000000,i1709,4720,4725,1336,4720,213,12,77818,GMT+8
ticks,1498827982227000000,i1709,4720,4725,1336,4720,236,0,77818,GMT+8
ticks,1498827982882000000,i1709,4720,4725,1335,4720,233,6,77824,GMT+8
ticks,1498827983375000000,i1709,4720,4725,1336,4720,165,126,77950,GMT+8
ticks,1498827983884000000,i1709,4720,4725,1336,4720,167,2,77952,GMT+8
ticks,1498827984353000000,i1709,4720,4725,1336,4720,203,4,77956,GMT+8
ticks,1498827984890000000,i1709,4725,4725,1334,4720,203,6,77962,GMT+8
ticks,1498827985380000000,i1709,4720,4725,1336,4720,217,32,77994,GMT+8
ticks,1498827985886000000,i1709,4725,4725,1334,4720,219,6,78000,GMT+8
ticks,1498827986385000000,i1709,4720,4725,1334,4720,221,12,78012,GMT+8
ticks,1498827986878000000,i1709,4720,4725,1351,4720,237,0,78012,GMT+8
ticks,1498827987397000000,i1709,4725,4725,1350,4720,239,10,78022,GMT+8
ticks,1498827987832000000,i1709,4720,4725,1350,4720,286,2,78024,GMT+8
ticks,1498827988357000000,i1709,4725,4725,1346,4720,287,10,78034,GMT+8
ticks,1498827988862000000,i1709,4725,4725,1343,4720,288,2,78036,GMT+8
ticks,1498827989256000000,i1709,4725,4725,1342,4720,288,2,78038,GMT+8
ticks,1498827989880000000,i1709,4725,4725,1320,4720,290,42,78080,GMT+8
ticks,1498827990366000000,i1709,4725,4725,1320,4720,293,0,78080,GMT+8
ticks,1498827990730000000,i1709,4720,4725,1320,4720,293,10,78090,GMT+8
ticks,1498827991381000000,i1709,4725,4725,679,4720,299,1264,79354,GMT+8
ticks,1498827991890000000,i1709,4725,4730,1026,4725,223,1336,80690,GMT+8
ticks,1498827992328000000,i1709,4725,4730,1023,4725,260,2,80692,GMT+8
ticks,1498827992839000000,i1709,4725,4730,1023,4725,281,0,80692,GMT+8
ticks,1498827993306000000,i1709,4730,4730,1022,4725,281,2,80694,GMT+8
ticks,1498827993858000000,i1709,4725,4730,1022,4725,154,328,81022,GMT+8
ticks,1498827994334000000,i1709,4730,4730,1011,4725,143,8,81030,GMT+8
ticks,1498827994774000000,i1709,4725,4730,1010,4725,173,4,81034,GMT+8
ticks,1498827995312000000,i1709,4725,4730,1011,4725,205,2,81036,GMT+8
ticks,1498827995707000000,i1709,4730,4730,1009,4725,230,4,81040,GMT+8
ticks,1498827996344000000,i1709,4725,4730,1019,4725,229,2,81042,GMT+8
ticks,1498827996833000000,i1709,4730,4730,1016,4725,253,8,81050,GMT+8
ticks,1498827997395000000,i1709,4730,4730,1017,4725,258,0,81050,GMT+8
ticks,1498827997874000000,i1709,4730,4730,1017,4725,259,0,81050,GMT+8
ticks,1498827998382000000,i1709,4725,4730,1020,4725,258,2,81052,GMT+8
ticks,1498827998876000000,i1709,4725,4730,1016,4725,353,20,81072,GMT+8
ticks,1498827999392000000,i1709,4730,4730,949,4725,357,6,81078,GMT+8
ticks,1498827999840000000,i1709,4725,4730,948,4725,374,2,81080,GMT+8
ticks,1498828000382000000,i1709,4730,4730,1163,4725,372,14,81094,GMT+8
ticks,1498828000845000000,i1709,4730,4730,1176,4725,372,4,81098,GMT+8
ticks,1498828001358000000,i1709,4730,4730,1173,4725,378,6,81104,GMT+8
ticks,1498828001891000000,i1709,4730,4730,1171,4725,768,2,81106,GMT+8
ticks,1498828002313000000,i1709,4730,4730,1165,4725,765,22,81128,GMT+8
ticks,1498828002800000000,i1709,4730,4730,1163,4725,1147,18,81146,GMT+8
ticks,1498828003283000000,i1709,4725,4730,1163,4725,1146,4,81150,GMT+8
ticks,1498828003844000000,i1709,4730,4730,1161,4725,1143,18,81168,GMT+8
ticks,1498828004395000000,i1709,4730,4730,1117,4725,1151,90,81258,GMT+8
ticks,1498828004867000000,i1709,4730,4730,1115,4725,1150,6,81264,GMT+8
ticks,1498828005360000000,i1709,4730,4730,1097,4725,1103,136,81400,GMT+8
ticks,1498828005897000000,i1709,4730,4730,1092,4725,1104,10,81410,GMT+8
ticks,1498828006400000000,i1709,4730,4730,1098,4725,1102,18,81428,GMT+8
ticks,1498828006895000000,i1709,4730,4730,1094,4725,1104,8,81436,GMT+8
ticks,1498828007372000000,i1709,4730,4730,1085,4725,1104,18,81454,GMT+8
ticks,1498828007820000000,i1709,4730,4730,1086,4725,1116,0,81454,GMT+8
ticks,1498828008313000000,i1709,4730,4730,1078,4725,1144,16,81470,GMT+8
ticks,1498828008880000000,i1709,4730,4730,1077,4725,1155,4,81474,GMT+8
ticks,1498828009389000000,i1709,4730,4730,1074,4725,1172,4,81478,GMT+8
ticks,1498828009887000000,i1709,4730,4730,1072,4725,1173,6,81484,GMT+8
ticks,1498828010373000000,i1709,4730,4730,1163,4725,1201,6,81490,GMT+8
ticks,1498828010897000000,i1709,4730,4730,1150,4725,1200,30,81520,GMT+8
ticks,1498828011357000000,i1709,4730,4730,1149,4725,1200,6,81526,GMT+8
ticks,1498828011841000000,i1709,4725,4730,1149,4725,1198,6,81532,GMT+8
ticks,1498828012353000000,i1709,4725,4730,1149,4725,1199,0,81532,GMT+8
ticks,1498828012896000000,i1709,4730,4730,1166,4725,1199,16,81548,GMT+8
ticks,1498828013743000000,i1709,4730,4730,1174,4725,1194,12,81560,GMT+8
ticks,1498828014368000000,i1709,4725,4730,1164,4725,106,446,82006,GMT+8
ticks,1498828014855000000,i1709,4725,4725,146,4720,1079,404,82410,GMT+8
ticks,1498828015382000000,i1709,4725,4725,412,4720,1079,18,82428,GMT+8
ticks,1498828015870000000,i1709,4725,4725,435,4720,1065,54,82482,GMT+8
ticks,1498828016363000000,i1709,4725,4725,445,4720,1051,12,82494,GMT+8
ticks,1498828016881000000,i1709,4725,4725,390,4720,1051,8,82502,GMT+8
ticks,1498828017365000000,i1709,4725,4725,378,4720,1052,24,82526,GMT+8
ticks,1498828017772000000,i1709,4725,4725,372,4720,1052,4,82530,GMT+8
ticks,1498828018394000000,i1709,4725,4725,377,4720,1073,10,82540,GMT+8
ticks,1498828018893000000,i1709,4725,4725,366,4720,1252,2,82542,GMT+8
ticks,1498828019358000000,i1709,4725,4725,359,4720,1226,14,82556,GMT+8
ticks,1498828019859000000,i1709,4725,4725,355,4720,1227,8,82564,GMT+8
ticks,1498828020382000000,i1709,4725,4725,404,4720,1129,2,82566,GMT+8
ticks,1498828020825000000,i1709,4725,4725,403,4720,1131,2,82568,GMT+8
ticks,1498828021400000000,i1709,4725,4725,378,4720,1133,48,82616,GMT+8
ticks,1498828021876000000,i1709,4725,4730,990,4725,221,746,83362,GMT+8
ticks,1498828022393000000,i1709,4725,4730,981,4725,325,10,83372,GMT+8
ticks,1498828022901000000,i1709,4725,4730,983,4725,762,0,83372,GMT+8
ticks,1498828023185000000,i1709,4725,4730,981,4725,784,6,83378,GMT+8
ticks,1498828023842000000,i1709,4730,4730,1171,4725,766,102,83480,GMT+8
ticks,1498828024285000000,i1709,4730,4730,1172,4725,779,0,83480,GMT+8
ticks,1498828024850000000,i1709,4730,4730,1171,4725,878,4,83484,GMT+8
ticks,1498828025372000000,i1709,4730,4730,1169,4725,965,8,83492,GMT+8
ticks,1498828025896000000,i1709,4730,4730,1169,4725,682,0,83492,GMT+8
ticks,1498828026360000000,i1709,4725,4730,1176,4725,715,10,83502,GMT+8
ticks,1498828026623000000,i1709,4730,4730,1184,4725,715,4,83506,GMT+8
ticks,1498828027359000000,i1709,4730,4730,1194,4725,737,0,83506,GMT+8
ticks,1498828027838000000,i1709,4730,4730,1196,4725,738,20,83526,GMT+8
ticks,1498828028325000000,i1709,4725,4730,1196,4725,828,24,83550,GMT+8
ticks,1498828028822000000,i1709,4725,4730,1198,4725,823,12,83562,GMT+8
ticks,1498828029376000000,i1709,4730,4730,1190,4725,883,8,83570,GMT+8
ticks,1498828029869000000,i1709,4730,4730,1185,4725,884,16,83586,GMT+8
ticks,1498828030355000000,i1709,4730,4730,1181,4725,872,14,83600,GMT+8
ticks,1498828030625000000,i1709,4730,4730,1178,4725,875,6,83606,GMT+8
ticks,1498828031390000000,i1709,4730,4730,1179,4725,883,0,83606,GMT+8
ticks,1498828031831000000,i1709,4730,4730,1176,4725,835,6,83612,GMT+8
ticks,1498828032379000000,i1709,4730,4730,1174,4725,835,8,83620,GMT+8
ticks,1498828032835000000,i1709,4730,4730,1191,4725,845,10,83630,GMT+8
ticks,1498828033400000000,i1709,4730,4730,1202,4725,863,18,83648,GMT+8
ticks,1498828033796000000,i1709,4730,4730,1191,4725,864,26,83674,GMT+8
ticks,1498828034399000000,i1709,4730,4730,1189,4725,884,4,83678,GMT+8
ticks,1498828034875000000,i1709,4725,4730,1185,4725,882,4,83682,GMT+8
ticks,1498828035367000000,i1709,4725,4730,1186,4725,881,2,83684,GMT+8
ticks,1498828035870000000,i1709,4730,4730,1185,4725,871,28,83712,GMT+8
ticks,1498828036390000000,i1709,4730,4730,1179,4725,883,14,83726,GMT+8
ticks,1498828036806000000,i1709,4730,4730,1149,4725,883,62,83788,GMT+8
ticks,1498828037343000000,i1709,4725,4730,1149,4725,879,10,83798,GMT+8
ticks,1498828037886000000,i1709,4730,4730,1148,4725,926,2,83800,GMT+8
ticks,1498828038341000000,i1709,4725,4730,1161,4725,856,100,83900,GMT+8
ticks,1498828038849000000,i1709,4730,4730,1123,4725,857,58,83958,GMT+8
ticks,1498828039216000000,i1709,4730,4730,1101,4725,858,62,84020,GMT+8
ticks,1498828039820000000,i1709,4730,4730,1096,4725,860,0,84020,GMT+8
ticks,1498828040296000000,i1709,4730,4730,1095,4725,860,2,84022,GMT+8
ticks,1498828041807000000,i1709,4730,4730,1141,4725,861,0,84022,GMT+8
ticks,1498828042381000000,i1709,4730,4730,1134,4725,861,14,84036,GMT+8
ticks,1498828042892000000,i1709,4730,4730,1122,4725,864,26,84062,GMT+8
ticks,1498828043364000000,i1709,4730,4730,1121,4725,865,2,84064,GMT+8
ticks,1498828043676000000,i1709,4730,4730,1135,4725,866,0,84064,GMT+8
ticks,1498828044873000000,i1709,4730,4730,1135,4725,864,4,84068,GMT+8
ticks,1498828045374000000,i1709,4725,4730,1129,4725,866,14,84082,GMT+8
ticks,1498828045844000000,i1709,4730,4730,1132,4725,867,4,84086,GMT+8
ticks,1498828046357000000,i1709,4730,4730,1132,4725,867,4,84090,GMT+8
ticks,1498828046817000000,i1709,4725,4730,1130,4725,881,4,84094,GMT+8
ticks,1498828047346000000,i1709,4730,4730,1117,4725,881,24,84118,GMT+8
ticks,1498828047824000000,i1709,4730,4730,1109,4725,881,16,84134,GMT+8
ticks,1498828048326000000,i1709,4730,4730,1109,4725,881,4,84138,GMT+8
ticks,1498828048663000000,i1709,4730,4730,1105,4725,882,10,84148,GMT+8
ticks,1498828049333000000,i1709,4730,4730,1096,4725,983,20,84168,GMT+8
ticks,1498828049854000000,i1709,4730,4730,1084,4725,984,24,84192,GMT+8
ticks,1498828050371000000,i1709,4730,4730,1082,4725,985,10,84202,GMT+8
ticks,1498828050877000000,i1709,4730,4730,1083,4725,1000,0,84202,GMT+8
ticks,1498828051320000000,i1709,4730,4730,1083,4725,1012,0,84202,GMT+8
ticks,1498828051867000000,i1709,4730,4730,1083,4725,1012,4,84206,GMT+8
ticks,1498828052338000000,i1709,4730,4730,992,4725,1013,188,84394,GMT+8
ticks,1498828052797000000,i1709,4725,4730,996,4725,1018,2,84396,GMT+8
ticks,1498828053359000000,i1709,4730,4730,991,4725,1018,10,84406,GMT+8
ticks,1498828053817000000,i1709,4730,4730,1005,4725,1018,14,84420,GMT+8
ticks,1498828054340000000,i1709,4730,4730,1002,4725,1018,10,84430,GMT+8
ticks,1498828054880000000,i1709,4725,4730,999,4725,1017,8,84438,GMT+8
ticks,1498828055381000000,i1709,4725,4730,999,4725,1018,0,84438,GMT+8
ticks,1498828055866000000,i1709,4730,4730,982,4725,1019,34,84472,GMT+8
ticks,1498828056389000000,i1709,4730,4730,980,4725,923,6,84478,GMT+8
ticks,1498828056835000000,i1709,4730,4730,972,4725,925,28,84506,GMT+8
ticks,1498828057396000000,i1709,4730,4730,943,4725,927,62,84568,GMT+8
ticks,1498828057860000000,i1709,4725,4730,881,4725,926,126,84694,GMT+8
ticks,1498828058360000000,i1709,4730,4730,874,4725,917,48,84742,GMT+8
ticks,1498828058827000000,i1709,4730,4730,866,4725,919,22,84764,GMT+8
ticks,1498828059351000000,i1709,4730,4730,921,4725,922,24,84788,GMT+8
ticks,1498828059866000000,i1709,4730,4730,910,4725,922,22,84810,GMT+8
ticks,1498828060330000000,i1709,4725,4730,900,4725,921,14,84824,GMT+8
ticks,1498828060789000000,i1709,4730,4730,899,4725,922,4,84828,GMT+8
ticks,1498828061282000000,i1709,4730,4730,873,4725,921,56,84884,GMT+8
ticks,1498828061897000000,i1709,4730,4730,842,4725,949,62,84946,GMT+8
ticks,1498828062376000000,i1709,4730,4730,809,4725,1032,66,85012,GMT+8
ticks,1498828062845000000,i1709,4730,4730,708,4725,1039,218,85230,GMT+8
ticks,1498828063371000000,i1709,4730,4730,711,4725,1039,16,85246,GMT+8
ticks,1498828063858000000,i1709,4730,4730,705,4725,1041,10,85256,GMT+8
ticks,1498828064358000000,i1709,4730,4730,674,4725,1040,2,85258,GMT+8
ticks,1498828064880000000,i1709,4730,4730,668,4725,1039,14,85272,GMT+8
ticks,1498828065365000000,i1709,4730,4730,651,4725,1039,34,85306,GMT+8
ticks,1498828065844000000,i1709,4730,4730,638,4725,1025,126,85432,GMT+8
ticks,1498828066395000000,i1709,4730,4730,642,4725,1033,6,85438,GMT+8
ticks,1498828066862000000,i1709,4730,4730,634,4725,1057,16,85454,GMT+8
ticks,1498828067278000000,i1709,4725,4730,655,4725,1057,18,85472,GMT+8
ticks,1498828067883000000,i1709,4730,4730,650,4725,1058,8,85480,GMT+8
ticks,1498828068388000000,i1709,4730,4735,1221,4730,308,1310,86790,GMT+8
ticks,1498828068896000000,i1709,4730,4735,1053,4730,527,6,86796,GMT+8
ticks,1498828069398000000,i1709,4730,4735,1037,4730,738,32,86828,GMT+8
ticks,1498828069858000000,i1709,4730,4735,1042,4730,838,4,86832,GMT+8
ticks,1498828070322000000,i1709,4730,4735,1042,4730,956,4,86836,GMT+8
ticks,1498828070865000000,i1709,4735,4735,1040,4730,957,4,86840,GMT+8
ticks,1498828071398000000,i1709,4735,4735,977,4730,948,148,86988,GMT+8
ticks,1498828071899000000,i1709,4735,4735,938,4730,961,84,87072,GMT+8
ticks,1498828072394000000,i1709,4730,4735,940,4730,921,12,87084,GMT+8
ticks,1498828072885000000,i1709,4730,4735,935,4730,922,0,87084,GMT+8
ticks,1498828073398000000,i1709,4730,4735,926,4730,921,22,87106,GMT+8
ticks,1498828073872000000,i1709,4735,4735,927,4730,919,8,87114,GMT+8
ticks,1498828074381000000,i1709,4730,4735,923,4730,802,16,87130,GMT+8
ticks,1498828074880000000,i1709,4735,4735,917,4730,781,90,87220,GMT+8
ticks,1498828075385000000,i1709,4730,4735,916,4730,213,1110,88330,GMT+8
ticks,1498828075880000000,i1709,4730,4730,676,4725,1125,534,88864,GMT+8
ticks,1498828076374000000,i1709,4730,4730,734,4725,1157,22,88886,GMT+8
ticks,1498828076814000000,i1709,4730,4730,538,4725,1144,10,88896,GMT+8
ticks,1498828077375000000,i1709,4730,4730,675,4725,1148,12,88908,GMT+8
ticks,1498828077887000000,i1709,4730,4730,936,4725,1151,56,88964,GMT+8
ticks,1498828078297000000,i1709,4730,4730,927,4725,1151,18,88982,GMT+8
ticks,1498828078874000000,i1709,4730,4730,922,4725,1150,12,88994,GMT+8
ticks,1498828079393000000,i1709,4730,4730,909,4725,1144,38,89032,GMT+8
ticks,1498828079877000000,i1709,4730,4730,1002,4725,1167,10,89042,GMT+8
ticks,1498828080340000000,i1709,4730,4730,1014,4725,1170,6,89048,GMT+8
ticks,1498828080847000000,i1709,4725,4730,1010,4725,1173,12,89060,GMT+8
ticks,1498828081361000000,i1709,4730,4730,808,4725,1173,404,89464,GMT+8
ticks,1498828081872000000,i1709,4730,4730,812,4725,1167,14,89478,GMT+8
ticks,1498828082335000000,i1709,4730,4730,816,4725,1171,2,89480,GMT+8
ticks,1498828082889000000,i1709,4730,4730,819,4725,1172,12,89492,GMT+8
ticks,1498828083361000000,i1709,4730,4730,819,4725,1162,0,89492,GMT+8
ticks,1498828083888000000,i1709,4730,4730,793,4725,1162,52,89544,GMT+8
ticks,1498828084385000000,i1709,4730,4730,793,4725,1217,6,89550,GMT+8
ticks,1498828084872000000,i1709,4725,4730,797,4725,1224,8,89558,GMT+8
ticks,1498828085398000000,i1709,4730,4730,795,4725,1344,6,89564,GMT+8
ticks,1498828085892000000,i1709,4725,4730,795,4725,1210,6,89570,GMT+8
ticks,1498828086374000000,i1709,4730,4730,800,4725,1215,10,89580,GMT+8
ticks,1498828086776000000,i1709,4730,4730,778,4725,1220,48,89628,GMT+8
ticks,1498828087278000000,i1709,4730,4730,779,4725,1221,2,89630,GMT+8
ticks,1498828087892000000,i1709,4730,4730,785,4725,1221,0,89630,GMT+8
ticks,1498828088399000000,i1709,4730,4730,827,4725,1271,4,89634,GMT+8
ticks,1498828088895000000,i1709,4730,4730,837,4725,1271,0,89634,GMT+8
ticks,1498828089365000000,i1709,4730,4730,833,4725,1274,12,89646,GMT+8
ticks,1498828089821000000,i1709,4725,4730,831,4725,1276,14,89660,GMT+8
ticks,1498828090379000000,i1709,4725,4730,830,4725,1232,120,89780,GMT+8
ticks,1498828090827000000,i1709,4730,4730,829,4725,1133,202,89982,GMT+8
ticks,1498828091255000000,i1709,4730,4730,828,4725,1144,2,89984,GMT+8
ticks,1498828091891000000,i1709,4730,4730,853,4725,1144,4,89988,GMT+8
ticks,1498828092391000000,i1709,4725,4730,855,4725,1153,26,90014,GMT+8
ticks,1498828092798000000,i1709,4725,4730,863,4725,1161,2,90016,GMT+8
ticks,1498828093369000000,i1709,4730,4730,889,4725,1181,16,90032,GMT+8
ticks,1498828093887000000,i1709,4730,4730,937,4725,1176,16,90048,GMT+8
ticks,1498828094350000000,i1709,4730,4730,938,4725,1180,0,90048,GMT+8
ticks,1498828094886000000,i1709,4730,4730,940,4725,1180,0,90048,GMT+8
ticks,1498828095376000000,i1709,4730,4730,939,4725,1187,2,90050,GMT+8
ticks,1498828095860000000,i1709,4730,4730,1040,4725,1206,0,90050,GMT+8
ticks,1498828096335000000,i1709,4725,4730,1071,4725,1205,4,90054,GMT+8
ticks,1498828096872000000,i1709,4725,4730,1083,4725,1204,12,90066,GMT+8
ticks,1498828097342000000,i1709,4725,4730,1084,4725,1089,228,90294,GMT+8
ticks,1498828097898000000,i1709,4725,4730,1086,4725,1089,0,90294,GMT+8
ticks,1498828098389000000,i1709,4725,4730,1098,4725,1087,0,90294,GMT+8
ticks,1498828098780000000,i1709,4725,4730,1098,4725,1087,4,90298,GMT+8
ticks,1498828099317000000,i1709,4725,4730,998,4725,1184,6,90304,GMT+8
ticks,1498828099834000000,i1709,4730,4730,996,4725,1184,4,90308,GMT+8
ticks,1498828100359000000,i1709,4730,4730,996,4725,1233,0,90308,GMT+8
ticks,1498828100882000000,i1709,4730,4730,1075,4725,1236,2,90310,GMT+8
ticks,1498828101326000000,i1709,4725,4730,1115,4725,1235,8,90318,GMT+8
ticks,1498828101894000000,i1709,4725,4730,1142,4725,1237,2,90320,GMT+8
ticks,1498828102202000000,i1709,4725,4730,1141,4725,1237,0,90320,GMT+8
ticks,1498828102901000000,i1709,4730,4730,1141,4725,1237,4,90324,GMT+8
ticks,1498828103401000000,i1709,4725,4730,1140,4725,1222,30,90354,GMT+8
ticks,1498828103878000000,i1709,4725,4730,1140,4725,1221,2,90356,GMT+8
ticks,1498828104296000000,i1709,4730,4730,1141,4725,1221,2,90358,GMT+8
ticks,1498828104900000000,i1709,4730,4730,1143,4725,1222,0,90358,GMT+8
ticks,1498828105340000000,i1709,4725,4730,1150,4725,1301,2,90360,GMT+8
ticks,1498828105778000000,i1709,4725,4730,1150,4725,1312,0,90360,GMT+8
ticks,1498828106372000000,i1709,4730,4730,1149,4725,1312,4,90364,GMT+8
ticks,1498828106827000000,i1709,4730,4730,1151,4725,1312,2,90366,GMT+8
ticks,1498828107366000000,i1709,4730,4730,1145,4725,1312,4,90370,GMT+8
ticks,1498828107812000000,i1709,4725,4730,1151,4725,1262,102,90472,GMT+8
ticks,1498828108199000000,i1709,4725,4730,1153,4725,1263,0,90472,GMT+8
ticks,1498828108756000000,i1709,4725,4730,1153,4725,1462,0,90472,GMT+8
ticks,1498828109283000000,i1709,4725,4730,1160,4725,1461,2,90474,GMT+8
ticks,1498828109864000000,i1709,4730,4730,1160,4725,1462,2,90476,GMT+8
ticks,1498828110305000000,i1709,4730,4730,1162,4725,1462,0,90476,GMT+8
ticks,1498828110889000000,i1709,4725,4730,1161,4725,1451,24,90500,GMT+8
ticks,1498828111179000000,i1709,4730,4730,1160,4725,1451,2,90502,GMT+8
ticks,1498828111901000000,i1709,4730,4730,1163,4725,1451,0,90502,GMT+8
ticks,1498828112399000000,i1709,4725,4730,1169,4725,1450,2,90504,GMT+8
ticks,1498828112898000000,i1709,4730,4730,1167,4725,1460,4,90508,GMT+8
ticks,1498828113393000000,i1709,4730,4730,1196,4725,1460,0,90508,GMT+8
ticks,1498828113880000000,i1709,4730,4730,1196,4725,1459,6,90514,GMT+8
ticks,1498828114356000000,i1709,4725,4730,1210,4725,1468,8,90522,GMT+8
ticks,1498828114827000000,i1709,4725,4730,1231,4725,1466,10,90532,GMT+8
ticks,1498828115390000000,i1709,4725,4730,1412,4725,1464,4,90536,GMT+8
ticks,1498828115733000000,i1709,4730,4730,1410,4725,1463,12,90548,GMT+8
ticks,1498828116387000000,i1709,4725,4730,1411,4725,1460,10,90558,GMT+8
ticks,1498828116893000000,i1709,4730,4730,1412,4725,1460,4,90562,GMT+8
ticks,1498828117371000000,i1709,4730,4730,1408,4725,1461,12,90574,GMT+8
ticks,1498828117778000000,i1709,4730,4730,1408,4725,1460,2,90576,GMT+8
ticks,1498828118323000000,i1709,4725,4730,1409,4725,1457,2,90578,GMT+8
ticks,1498828118901000000,i1709,4725,4730,1413,4725,1455,2,90580,GMT+8
ticks,1498828119877000000,i1709,4730,4730,1426,4725,1457,4,90584,GMT+8
ticks,1498828120270000000,i1709,4730,4730,1372,4725,1454,8,90592,GMT+8
ticks,1498828120901000000,i1709,4730,4730,1373,4725,1454,0,90592,GMT+8
ticks,1498828121281000000,i1709,4730,4730,1372,4725,1454,0,90592,GMT+8
ticks,1498828121852000000,i1709,4725,4730,1371,4725,1446,18,90610,GMT+8
ticks,1498828122305000000,i1709,4725,4730,1371,4725,1447,0,90610,GMT+8
ticks,1498828122784000000,i1709,4730,4730,1370,4725,1447,6,90616,GMT+8
ticks,1498828123249000000,i1709,4730,4730,1372,4725,1447,0,90616,GMT+8
ticks,1498828123889000000,i1709,4725,4730,1377,4725,1446,2,90618,GMT+8
ticks,1498828124358000000,i1709,4725,4730,1379,4725,1446,0,90618,GMT+8
ticks,1498828124855000000,i1709,4730,4730,1378,4725,1448,2,90620,GMT+8
ticks,1498828125383000000,i1709,4725,4730,1377,4725,1400,106,90726,GMT+8
ticks,1498828125809000000,i1709,4725,4730,1372,4725,1399,26,90752,GMT+8
ticks,1498828126367000000,i1709,4725,4730,1372,4725,1398,2,90754,GMT+8
ticks,1498828126850000000,i1709,4730,4730,1370,4725,1396,4,90758,GMT+8
ticks,1498828127310000000,i1709,4725,4730,1369,4725,1393,6,90764,GMT+8
ticks,1498828127841000000,i1709,4730,4730,1373,4725,1391,4,90768,GMT+8
ticks,1498828128334000000,i1709,4730,4730,1371,4725,1391,4,90772,GMT+8
ticks,1498828128882000000,i1709,4730,4730,1372,4725,1391,0,90772,GMT+8
ticks,1498828129279000000,i1709,4730,4730,1376,4725,1391,0,90772,GMT+8
ticks,1498828129756000000,i1709,4730,4730,1343,4725,1391,0,90772,GMT+8
ticks,1498828130398000000,i1709,4730,4730,1344,4725,1390,0,90772,GMT+8
ticks,1498828130864000000,i1709,4730,4730,1344,4725,1385,0,90772,GMT+8
ticks,1498828131502000000,i1709,4730,4730,1345,4725,1385,0,90772,GMT+8
ticks,1498828132394000000,i1709,4730,4730,1331,4725,1386,20,90792,GMT+8
ticks,1498828132706000000,i1709,4725,4730,1331,4725,1385,2,90794,GMT+8
ticks,1498828133379000000,i1709,4730,4730,1329,4725,1385,2,90796,GMT+8
ticks,1498828133616000000,i1709,4730,4730,1326,4725,1385,0,90796,GMT+8
ticks,1498828134297000000,i1709,4730,4730,1326,4725,1387,0,90796,GMT+8
ticks,1498828134888000000,i1709,4730,4730,1326,4725,1387,2,90798,GMT+8
ticks,1498828135346000000,i1709,4730,4730,1328,4725,1389,2,90800,GMT+8
ticks,1498828136353000000,i1709,4725,4730,1328,4725,1388,2,90802,GMT+8
ticks,1498828136885000000,i1709,4725,4730,1327,4725,1387,4,90806,GMT+8
ticks,1498828137315000000,i1709,4725,4730,1333,4725,1382,10,90816,GMT+8
ticks,1498828137805000000,i1709,4730,4730,1332,4725,1362,2,90818,GMT+8
ticks,1498828138358000000,i1709,4725,4730,1334,4725,1360,4,90822,GMT+8
ticks,1498828138823000000,i1709,4730,4730,1135,4725,1370,400,91222,GMT+8
ticks,1498828139369000000,i1709,4730,4730,1141,4725,1364,2,91224,GMT+8
ticks,1498828139855000000,i1709,4730,4730,1138,4725,1364,12,91236,GMT+8
ticks,1498828140307000000,i1709,4725,4730,1137,4725,1354,22,91258,GMT+8
ticks,1498828140764000000,i1709,4730,4730,1132,4725,1352,16,91274,GMT+8
ticks,1498828141396000000,i1709,4730,4730,1120,4725,1352,30,91304,GMT+8
ticks,1498828141894000000,i1709,4730,4730,1121,4725,1352,0,91304,GMT+8
ticks,1498828142371000000,i1709,4725,4730,1111,4725,1351,30,91334,GMT+8
ticks,1498828142538000000,i1709,4725,4730,1111,4725,1365,2,91336,GMT+8
ticks,1498828143391000000,i1709,4725,4730,1111,4725,1368,0,91336,GMT+8
ticks,1498828143889000000,i1709,4725,4730,1108,4725,1360,22,91358,GMT+8
ticks,1498828145331000000,i1709,4725,4730,1108,4725,1359,0,91358,GMT+8
ticks,1498828145898000000,i1709,4725,4730,1108,4725,1366,0,91358,GMT+8
ticks,1498828146390000000,i1709,4725,4730,1108,4725,1376,2,91360,GMT+8
ticks,1498828146902000000,i1709,4730,4730,1106,4725,1375,6,91366,GMT+8
ticks,1498828147394000000,i1709,4725,4730,1111,4725,1374,4,91370,GMT+8
ticks,1498828147868000000,i1709,4725,4730,1113,4725,1374,0,91370,GMT+8
ticks,1498828148319000000,i1709,4725,4730,1116,4725,1374,0,91370,GMT+8
ticks,1498828148840000000,i1709,4730,4730,1113,4725,1374,2,91372,GMT+8
ticks,1498828149285000000,i1709,4730,4730,1113,4725,1373,0,91372,GMT+8
ticks,1498828149821000000,i1709,4730,4730,1112,4725,1372,4,91376,GMT+8
ticks,1498828150696000000,i1709,4730,4730,1111,4725,1374,2,91378,GMT+8
ticks,1498828151101000000,i1709,4730,4730,1110,4725,1374,2,91380,GMT+8
ticks,1498828151843000000,i1709,4725,4730,1116,4725,1343,90,91470,GMT+8
ticks,1498828152150000000,i1709,4725,4730,1118,4725,1343,0,91470,GMT+8
ticks,1498828152571000000,i1709,4730,4730,1113,4725,1348,10,91480,GMT+8
ticks,1498828153347000000,i1709,4730,4730,1113,4725,1349,0,91480,GMT+8
ticks,1498828153757000000,i1709,4730,4730,1113,4725,1349,4,91484,GMT+8
ticks,1498828154274000000,i1709,4725,4730,1108,4725,1318,62,91546,GMT+8
ticks,1498828154798000000,i1709,4725,4730,1112,4725,1318,0,91546,GMT+8
ticks,1498828155316000000,i1709,4730,4730,1126,4725,1319,12,91558,GMT+8
ticks,1498828155864000000,i1709,4725,4730,1126,4725,1316,4,91562,GMT+8
ticks,1498828156387000000,i1709,4725,4730,1119,4725,1316,0,91562,GMT+8
ticks,1498828156860000000,i1709,4725,4730,1121,4725,1308,16,91578,GMT+8
ticks,1498828157350000000,i1709,4730,4730,1137,4725,1308,2,91580,GMT+8
ticks,1498828157655000000,i1709,4730,4730,1137,4725,1302,0,91580,GMT+8
ticks,1498828158347000000,i1709,4730,4730,1139,4725,1297,0,91580,GMT+8
ticks,1498828158838000000,i1709,4730,4735,1217,4730,94,2278,93858,GMT+8
ticks,1498828159382000000,i1709,4730,4735,1072,4730,211,0,93858,GMT+8
ticks,1498828159886000000,i1709,4730,4735,1072,4730,384,16,93874,GMT+8
ticks,1498828160324000000,i1709,4730,4735,1072,4730,389,42,93916,GMT+8
ticks,1498828160871000000,i1709,4730,4735,1072,4730,427,2,93918,GMT+8
ticks,1498828161296000000,i1709,4730,4735,1071,4730,334,170,94088,GMT+8
ticks,1498828161799000000,i1709,4730,4735,1073,4730,247,168,94256,GMT+8
ticks,1498828162396000000,i1709,4730,4730,414,4725,1280,500,94756,GMT+8
ticks,1498828162786000000,i1709,4730,4730,409,4725,1310,10,94766,GMT+8
ticks,1498828163373000000,i1709,4730,4730,402,4725,1320,4,94770,GMT+8
ticks,1498828163891000000,i1709,4730,4730,362,4725,1326,114,94884,GMT+8
ticks,1498828164352000000,i1709,4730,4730,367,4725,1311,0,94884,GMT+8
ticks,1498828164864000000,i1709,4730,4730,333,4725,1305,60,94944,GMT+8
ticks,1498828165316000000,i1709,4730,4730,331,4725,1308,6,94950,GMT+8
ticks,1498828165796000000,i1709,4730,4730,341,4725,1308,22,94972,GMT+8
ticks,1498828166374000000,i1709,4730,4735,1230,4730,264,692,95664,GMT+8
ticks,1498828166873000000,i1709,4730,4735,1077,4730,596,42,95706,GMT+8
ticks,1498828167371000000,i1709,4730,4735,1077,4730,602,0,95706,GMT+8
ticks,1498828167827000000,i1709,4735,4735,1077,4730,541,154,95860,GMT+8
ticks,1498828168398000000,i1709,4730,4735,1063,4730,624,64,95924,GMT+8
ticks,1498828168889000000,i1709,4730,4735,1068,4730,622,40,95964,GMT+8
ticks,1498828169377000000,i1709,4730,4735,1066,4730,622,0,95964,GMT+8
ticks,1498828169871000000,i1709,4735,4735,1053,4730,621,28,95992,GMT+8
ticks,1498828170358000000,i1709,4730,4735,1041,4730,629,28,96020,GMT+8
ticks,1498828170899000000,i1709,4735,4735,1040,4730,639,2,96022,GMT+8
ticks,1498828171390000000,i1709,4730,4735,1041,4730,600,80,96102,GMT+8
ticks,1498828171833000000,i1709,4730,4735,1041,4730,606,0,96102,GMT+8
ticks,1498828172296000000,i1709,4730,4735,1024,4730,604,40,96142,GMT+8
ticks,1498828172876000000,i1709,4735,4735,1035,4730,604,8,96150,GMT+8
ticks,1498828173384000000,i1709,4730,4735,1035,4730,603,4,96154,GMT+8
ticks,1498828173810000000,i1709,4730,4735,1035,4730,585,40,96194,GMT+8
ticks,1498828174372000000,i1709,4730,4735,1035,4730,593,0,96194,GMT+8
ticks,1498828175301000000,i1709,4735,4735,991,4730,589,12,96206,GMT+8
ticks,1498828175892000000,i1709,4735,4735,992,4730,592,0,96206,GMT+8
ticks,1498828176397000000,i1709,4730,4735,1021,4730,574,42,96248,GMT+8
ticks,1498828176866000000,i1709,4735,4735,1015,4730,574,22,96270,GMT+8
ticks,1498828177378000000,i1709,4735,4735,1014,4730,576,2,96272,GMT+8
ticks,1498828177878000000,i1709,4730,4735,1040,4730,618,4,96276,GMT+8
ticks,1498828178325000000,i1709,4735,4735,1042,4730,620,2,96278,GMT+8
ticks,1498828178876000000,i1709,4735,4735,1041,4730,636,4,96282,GMT+8
ticks,1498828179301000000,i1709,4730,4735,1051,4730,633,10,96292,GMT+8
ticks,1498828179876000000,i1709,4735,4735,1051,4730,641,4,96296,GMT+8
ticks,1498828180380000000,i1709,4730,4735,1050,4730,635,14,96310,GMT+8
ticks,1498828180883000000,i1709,4735,4735,1050,4730,632,2,96312,GMT+8
ticks,1498828181227000000,i1709,4730,4735,1049,4730,530,202,96514,GMT+8
ticks,1498828181868000000,i1709,4735,4735,1048,4730,525,32,96546,GMT+8
ticks,1498828182380000000,i1709,4730,4735,1043,4730,526,6,96552,GMT+8
ticks,1498828182877000000,i1709,4735,4735,1042,4730,530,4,96556,GMT+8
ticks,1498828183325000000,i1709,4730,4735,1042,4730,41,746,97302,GMT+8
ticks,1498828183842000000,i1709,4730,4730,516,4725,1364,88,97390,GMT+8
ticks,1498828184372000000,i1709,4730,4730,513,4725,1367,20,97410,GMT+8
ticks,1498828184814000000,i1709,4730,4730,512,4725,1368,8,97418,GMT+8
ticks,1498828185314000000,i1709,4730,4730,510,4725,1367,6,97424,GMT+8
ticks,1498828185764000000,i1709,4730,4730,495,4725,1367,30,97454,GMT+8
ticks,1498828186373000000,i1709,4730,4730,597,4725,1366,12,97466,GMT+8
ticks,1498828186891000000,i1709,4730,4730,585,4725,1366,24,97490,GMT+8
ticks,1498828187369000000,i1709,4725,4730,609,4725,1365,78,97568,GMT+8
ticks,1498828187819000000,i1709,4730,4730,605,4725,1366,8,97576,GMT+8
ticks,1498828188378000000,i1709,4730,4730,604,4725,1363,2,97578,GMT+8
ticks,1498828188898000000,i1709,4730,4730,598,4725,1363,12,97590,GMT+8
ticks,1498828189357000000,i1709,4730,4730,581,4725,1365,34,97624,GMT+8
ticks,1498828189887000000,i1709,4725,4730,581,4725,1353,24,97648,GMT+8
ticks,1498828190380000000,i1709,4725,4730,581,4725,1357,0,97648,GMT+8
ticks,1498828190900000000,i1709,4730,4730,468,4725,1357,234,97882,GMT+8
ticks,1498828191347000000,i1709,4730,4730,456,4725,1360,26,97908,GMT+8
ticks,1498828191866000000,i1709,4730,4730,453,4725,1361,8,97916,GMT+8
ticks,1498828192393000000,i1709,4730,4730,453,4725,1363,8,97924,GMT+8
ticks,1498828192471000000,i1709,4730,4730,455,4725,1363,0,97924,GMT+8
ticks,1498828193290000000,i1709,4730,4730,448,4725,1363,16,97940,GMT+8
ticks,1498828194370000000,i1709,4730,4730,477,4725,1362,6,97946,GMT+8
ticks,1498828194898000000,i1709,4730,4730,478,4725,1362,2,97948,GMT+8
ticks,1498828195327000000,i1709,4725,4730,479,4725,1339,86,98034,GMT+8
ticks,1498828195776000000,i1709,4730,4730,483,4725,1346,2,98036,GMT+8
ticks,1498828196369000000,i1709,4730,4730,482,4725,1346,8,98044,GMT+8
ticks,1498828196894000000,i1709,4730,4730,479,4725,1358,30,98074,GMT+8
ticks,1498828197400000000,i1709,4725,4730,589,4725,1332,6,98080,GMT+8
ticks,1498828197901000000,i1709,4730,4730,590,4725,1332,2,98082,GMT+8
ticks,1498828198274000000,i1709,4730,4730,591,4725,1342,0,98082,GMT+8
ticks,1498828198852000000,i1709,4730,4730,587,4725,1342,8,98090,GMT+8
ticks,1498828199324000000,i1709,4730,4730,587,4725,1343,2,98092,GMT+8
ticks,1498828199807000000,i1709,4730,4730,587,4725,1345,2,98094,GMT+8
ticks,1498828200388000000,i1709,4725,4730,602,4725,1346,2,98096,GMT+8
ticks,1498828200900000000,i1709,4730,4730,601,4725,1351,2,98098,GMT+8
ticks,1498828201379000000,i1709,4730,4730,601,4725,1361,0,98098,GMT+8
ticks,1498828201894000000,i1709,4725,4730,764,4725,1360,82,98180,GMT+8
ticks,1498828202338000000,i1709,4725,4730,716,4725,1361,102,98282,GMT+8
ticks,1498828202857000000,i1709,4725,4730,718,4725,1361,0,98282,GMT+8
ticks,1498828203351000000,i1709,4725,4730,721,4725,1367,0,98282,GMT+8
ticks,1498828203787000000,i1709,4730,4730,720,4725,1370,2,98284,GMT+8
ticks,1498828204400000000,i1709,4730,4730,717,4725,1368,6,98290,GMT+8
ticks,1498828204879000000,i1709,4730,4730,717,4725,1369,2,98292,GMT+8
ticks,1498828205378000000,i1709,4730,4730,720,4725,1371,0,98292,GMT+8
ticks,1498828205885000000,i1709,4730,4730,721,4725,1371,10,98302,GMT+8
ticks,1498828206172000000,i1709,4730,4730,722,4725,1371,0,98302,GMT+8
ticks,1498828206891000000,i1709,4730,4730,615,4725,1371,0,98302,GMT+8
ticks,1498828207327000000,i1709,4725,4730,618,4725,1369,4,98306,GMT+8
ticks,1498828207883000000,i1709,4725,4730,620,4725,1366,4,98310,GMT+8
ticks,1498828208381000000,i1709,4730,4730,624,4725,1361,16,98326,GMT+8
ticks,1498828208897000000,i1709,4730,4730,611,4725,1303,42,98368,GMT+8
ticks,1498828209399000000,i1709,4730,4730,616,4725,1302,6,98374,GMT+8
ticks,1498828210378000000,i1709,4730,4730,622,4725,1302,8,98382,GMT+8
ticks,1498828210830000000,i1709,4730,4730,620,4725,1302,12,98394,GMT+8
ticks,1498828211401000000,i1709,4730,4730,621,4725,1304,4,98398,GMT+8
ticks,1498828211824000000,i1709,4730,4730,616,4725,1289,22,98420,GMT+8
ticks,1498828212886000000,i1709,4730,4730,618,4725,1289,2,98422,GMT+8
ticks,1498828213334000000,i1709,4730,4730,617,4725,1291,2,98424,GMT+8
ticks,1498828213650000000,i1709,4730,4730,624,4725,1292,0,98424,GMT+8
ticks,1498828214841000000,i1709,4730,4730,603,4725,1292,22,98446,GMT+8
ticks,1498828215375000000,i1709,4730,4730,601,4725,1292,6,98452,GMT+8
ticks,1498828215819000000,i1709,4730,4730,621,4725,1289,2,98454,GMT+8
ticks,1498828216373000000,i1709,4730,4730,607,4725,1289,28,98482,GMT+8
ticks,1498828216685000000,i1709,4730,4730,607,4725,1289,2,98484,GMT+8
ticks,1498828217347000000,i1709,4730,4730,586,4725,1288,46,98530,GMT+8
ticks,1498828217843000000,i1709,4730,4730,553,4725,1288,66,98596,GMT+8
ticks,1498828218057000000,i1709,4730,4730,558,4725,1288,2,98598,GMT+8
ticks,1498828218826000000,i1709,4725,4730,558,4725,1280,20,98618,GMT+8
ticks,1498828219374000000,i1709,4730,4730,563,4725,1280,2,98620,GMT+8
ticks,1498828219771000000,i1709,4725,4730,565,4725,1279,4,98624,GMT+8
ticks,1498828220388000000,i1709,4730,4730,547,4725,1279,40,98664,GMT+8
ticks,1498828220838000000,i1709,4730,4730,549,4725,1279,0,98664,GMT+8
ticks,1498828221316000000,i1709,4730,4730,539,4725,1279,2,98666,GMT+8
ticks,1498828221885000000,i1709,4725,4730,538,4725,1274,10,98676,GMT+8
ticks,1498828222392000000,i1709,4725,4730,540,4725,1285,2,98678,GMT+8
ticks,1498828222832000000,i1709,4725,4730,541,4725,1284,2,98680,GMT+8
ticks,1498828223383000000,i1709,4725,4730,541,4725,1299,0,98680,GMT+8
ticks,1498828223832000000,i1709,4730,4730,483,4725,1299,122,98802,GMT+8
ticks,1498828224363000000,i1709,4730,4730,482,4725,1299,4,98806,GMT+8
ticks,1498828224884000000,i1709,4730,4730,460,4725,1297,58,98864,GMT+8
ticks,1498828225255000000,i1709,4730,4730,458,4725,1297,4,98868,GMT+8
ticks,1498828225895000000,i1709,4730,4730,441,4725,1299,34,98902,GMT+8
ticks,1498828226344000000,i1709,4730,4730,371,4725,1299,140,99042,GMT+8
ticks,1498828226815000000,i1709,4730,4730,367,4725,1316,8,99050,GMT+8
ticks,1498828227397000000,i1709,4730,4735,1255,4730,826,734,99784,GMT+8
ticks,1498828227889000000,i1709,4730,4735,1101,4730,974,10,99794,GMT+8
ticks,1498828228352000000,i1709,4735,4735,1100,4730,1094,2,99796,GMT+8
ticks,1498828228816000000,i1709,4730,4735,1100,4730,1101,6,99802,GMT+8
ticks,1498828229313000000,i1709,4730,4735,1101,4730,848,4,99806,GMT+8
ticks,1498828229795000000,i1709,4730,4735,1101,4730,819,0,99806,GMT+8
ticks,1498828230381000000,i1709,4735,4735,1100,4730,824,2,99808,GMT+8
ticks,1498828230840000000,i1709,4735,4735,1101,4730,824,0,99808,GMT+8
ticks,1498828231323000000,i1709,4735,4735,1099,4730,834,0,99808,GMT+8
ticks,1498828231756000000,i1709,4730,4735,1098,4730,833,2,99810,GMT+8
ticks,1498828232373000000,i1709,4730,4735,1099,4730,838,0,99810,GMT+8
ticks,1498828232812000000,i1709,4730,4735,1089,4730,865,38,99848,GMT+8
ticks,1498828233390000000,i1709,4730,4735,1089,4730,955,22,99870,GMT+8
ticks,1498828233895000000,i1709,4730,4735,1088,4730,974,4,99874,GMT+8
ticks,1498828234283000000,i1709,4730,4735,1089,4730,975,0,99874,GMT+8
ticks,1498828234883000000,i1709,4730,4735,1083,4730,966,34,99908,GMT+8
ticks,1498828235266000000,i1709,4735,4735,1082,4730,966,4,99912,GMT+8
ticks,1498828235689000000,i1709,4730,4735,1082,4730,967,2,99914,GMT+8
ticks,1498828236317000000,i1709,4730,4735,1028,4730,980,130,100044,GMT+8
ticks,1498828236838000000,i1709,4735,4735,1027,4730,993,8,100052,GMT+8
ticks,1498828237397000000,i1709,4730,4735,1026,4730,991,4,100056,GMT+8
ticks,1498828238395000000,i1709,4730,4735,1021,4730,1027,0,100056,GMT+8
ticks,1498828238770000000,i1709,4735,4735,1007,4730,1031,6,100062,GMT+8
ticks,1498828239398000000,i1709,4730,4735,1007,4730,1092,2,100064,GMT+8
ticks,1498828239843000000,i1709,4735,4735,999,4730,1105,8,100072,GMT+8
ticks,1498828240344000000,i1709,4730,4735,950,4730,1108,100,100172,GMT+8
ticks,1498828240745000000,i1709,4735,4735,924,4730,1109,54,100226,GMT+8
ticks,1498828241205000000,i1709,4730,4735,924,4730,1129,10,100236,GMT+8
ticks,1498828241897000000,i1709,4735,4735,918,4730,1129,14,100250,GMT+8
ticks,1498828242193000000,i1709,4735,4735,923,4730,1129,0,100250,GMT+8
ticks,1498828242878000000,i1709,4735,4735,920,4730,1164,2,100252,GMT+8
ticks,1498828243378000000,i1709,4735,4735,920,4730,1167,0,100252,GMT+8
ticks,1498828243886000000,i1709,4735,4735,920,4730,1168,2,100254,GMT+8
ticks,1498828244340000000,i1709,4735,4735,917,4730,1168,6,100260,GMT+8
ticks,1498828244820000000,i1709,4735,4735,916,4730,1169,2,100262,GMT+8
ticks,1498828245151000000,i1709,4735,4735,914,4730,1173,4,100266,GMT+8
ticks,1498828245900000000,i1709,4730,4735,913,4730,1171,6,100272,GMT+8
ticks,1498828246380000000,i1709,4735,4735,912,4730,1172,2,100274,GMT+8
ticks,1498828246795000000,i1709,4735,4735,911,4730,1175,4,100278,GMT+8
ticks,1498828247370000000,i1709,4730,4735,909,4730,1140,10,100288,GMT+8
ticks,1498828247783000000,i1709,4735,4735,902,4730,1134,20,100308,GMT+8
ticks,1498828248351000000,i1709,4735,4735,896,4730,1134,16,100324,GMT+8
ticks,1498828248823000000,i1709,4730,4735,896,4730,1133,2,100326,GMT+8
ticks,1498828249290000000,i1709,4730,4735,896,4730,1139,0,100326,GMT+8
ticks,1498828249779000000,i1709,4730,4735,896,4730,1142,0,100326,GMT+8
ticks,1498828250393000000,i1709,4730,4735,898,4730,1147,0,100326,GMT+8
ticks,1498828250898000000,i1709,4735,4735,898,4730,1156,2,100328,GMT+8
ticks,1498828251392000000,i1709,4735,4735,849,4730,1160,2,100330,GMT+8
ticks,1498828251895000000,i1709,4735,4735,846,4730,1161,12,100342,GMT+8
ticks,1498828252225000000,i1709,4730,4735,846,4730,1160,20,100362,GMT+8
ticks,1498828252805000000,i1709,4735,4735,844,4730,1160,4,100366,GMT+8
ticks,1498828253207000000,i1709,4735,4735,841,4730,1161,6,100372,GMT+8
ticks,1498828253871000000,i1709,4735,4735,843,4730,1161,4,100376,GMT+8
ticks,1498828254400000000,i1709,4735,4735,845,4730,1175,0,100376,GMT+8
ticks,1498828254891000000,i1709,4735,4735,863,4730,1176,0,100376,GMT+8
ticks,1498828255192000000,i1709,4735,4735,859,4730,1177,8,100384,GMT+8
ticks,1498828255852000000,i1709,4735,4735,862,4730,1178,0,100384,GMT+8
ticks,1498828256206000000,i1709,4735,4735,861,4730,1181,0,100384,GMT+8
ticks,1498828257366000000,i1709,4735,4735,861,4730,1182,0,100384,GMT+8
ticks,1498828257893000000,i1709,4735,4735,857,4730,1189,8,100392,GMT+8
ticks,1498828258393000000,i1709,4730,4735,858,4730,1179,12,100404,GMT+8
ticks,1498828258845000000,i1709,4730,4735,858,4730,1180,0,100404,GMT+8
ticks,1498828259304000000,i1709,4735,4735,858,4730,1180,4,100408,GMT+8
ticks,1498828259901000000,i1709,4735,4735,816,4730,1182,84,100492,GMT+8
ticks,1498828260349000000,i1709,4735,4735,815,4730,1182,4,100496,GMT+8
ticks,1498828260848000000,i1709,4735,4735,812,4730,1183,6,100502,GMT+8
ticks,1498828262890000000,i1709,4735,4735,811,4730,1184,6,100508,GMT+8
ticks,1498828263359000000,i1709,4735,4735,809,4730,1186,4,100512,GMT+8
ticks,1498828263813000000,i1709,4735,4735,800,4730,1188,12,100524,GMT+8
ticks,1498828264402000000,i1709,4735,4735,796,4730,1193,10,100534,GMT+8
ticks,1498828264870000000,i1709,4735,4735,792,4730,1193,6,100540,GMT+8
ticks,1498828265278000000,i1709,4735,4735,801,4730,1193,2,100542,GMT+8
ticks,1498828265862000000,i1709,4735,4735,800,4730,1193,2,100544,GMT+8
ticks,1498828266399000000,i1709,4735,4735,796,4730,1194,0,100544,GMT+8
ticks,1498828266888000000,i1709,4735,4735,799,4730,1165,122,100666,GMT+8
ticks,1498828267389000000,i1709,4735,4735,804,4730,1168,10,100676,GMT+8
ticks,1498828267843000000,i1709,4735,4735,803,4730,1168,6,100682,GMT+8
ticks,1498828268380000000,i1709,4735,4735,817,4730,1166,4,100686,GMT+8
ticks,1498828268898000000,i1709,4735,4735,819,4730,1170,0,100686,GMT+8
ticks,1498828269871000000,i1709,4730,4735,1020,4730,1162,16,100702,GMT+8
ticks,1498828270365000000,i1709,4730,4735,1020,4730,1163,0,100702,GMT+8
ticks,1498828270708000000,i1709,4735,4735,1015,4730,1164,12,100714,GMT+8
ticks,1498828271398000000,i1709,4735,4735,1014,4730,1159,14,100728,GMT+8
ticks,1498828271732000000,i1709,4735,4735,1012,4730,1159,4,100732,GMT+8
ticks,1498828272392000000,i1709,4735,4735,1006,4730,1158,4,100736,GMT+8
ticks,1498828272890000000,i1709,4730,4735,1006,4730,1152,4,100740,GMT+8
ticks,1498828273229000000,i1709,4730,4735,1026,4730,1142,10,100750,GMT+8
ticks,1498828273896000000,i1709,4730,4735,1027,4730,1143,0,100750,GMT+8
ticks,1498828274365000000,i1709,4730,4735,1034,4730,1142,4,100754,GMT+8
ticks,1498828274866000000,i1709,4730,4735,1035,4730,1142,0,100754,GMT+8
ticks,1498828275369000000,i1709,4730,4735,1035,4730,1143,4,100758,GMT+8
ticks,1498828275791000000,i1709,4730,4735,1035,4730,1147,2,100760,GMT+8
ticks,1498828276398000000,i1709,4735,4735,1034,4730,1147,18,100778,GMT+8
ticks,1498828276736000000,i1709,4735,4735,1037,4730,1147,0,100778,GMT+8
ticks,1498828277385000000,i1709,4730,4735,1030,4730,1320,28,100806,GMT+8
ticks,1498828277703000000,i1709,4730,4735,1030,4730,1316,10,100816,GMT+8
ticks,1498828278359000000,i1709,4730,4735,978,4730,1290,106,100922,GMT+8
ticks,1498828278862000000,i1709,4730,4735,979,4730,1289,2,100924,GMT+8
ticks,1498828279376000000,i1709,4735,4735,972,4730,1290,12,100936,GMT+8
ticks,1498828279898000000,i1709,4735,4735,971,4730,2099,6,100942,GMT+8
ticks,1498828280343000000,i1709,4735,4735,961,4730,2098,20,100962,GMT+8
ticks,1498828280773000000,i1709,4735,4735,951,4730,2098,22,100984,GMT+8
ticks,1498828281347000000,i1709,4730,4735,1088,4730,2098,2,100986,GMT+8
ticks,1498828281799000000,i1709,4730,4735,1087,4730,1195,8,100994,GMT+8
ticks,1498828282383000000,i1709,4730,4735,1089,4730,1195,0,100994,GMT+8
ticks,1498828282895000000,i1709,4735,4735,1089,4730,1193,4,100998,GMT+8
ticks,1498828283371000000,i1709,4730,4735,962,4730,1193,2,101000,GMT+8
ticks,1498828283837000000,i1709,4730,4735,964,4730,1193,2,101002,GMT+8
ticks,1498828284357000000,i1709,4730,4735,974,4730,1197,0,101002,GMT+8
ticks,1498828284903000000,i1709,4730,4735,977,4730,1099,0,101002,GMT+8
ticks,1498828285400000000,i1709,4735,4735,1000,4730,1099,20,101022,GMT+8
ticks,1498828285885000000,i1709,4735,4735,999,4730,1098,4,101026,GMT+8
ticks,1498828286402000000,i1709,4735,4735,1029,4730,1099,0,101026,GMT+8
ticks,1498828286830000000,i1709,4730,4735,1030,4730,1098,4,101030,GMT+8
ticks,1498828287349000000,i1709,4730,4735,1034,4730,1061,0,101030,GMT+8
ticks,1498828287883000000,i1709,4730,4735,1034,4730,1084,68,101098,GMT+8
ticks,1498828288388000000,i1709,4735,4735,1038,4730,1084,24,101122,GMT+8
ticks,1498828288787000000,i1709,4730,4735,1044,4730,1073,22,101144,GMT+8
ticks,1498828289296000000,i1709,4735,4735,1093,4730,1073,2,101146,GMT+8
ticks,1498828289896000000,i1709,4735,4735,1091,4730,1073,4,101150,GMT+8
ticks,1498828290865000000,i1709,4735,4735,1088,4730,1074,6,101156,GMT+8
ticks,1498828291324000000,i1709,4730,4735,1086,4730,1074,6,101162,GMT+8
ticks,1498828291880000000,i1709,4730,4735,1086,4730,1071,10,101172,GMT+8
ticks,1498828292393000000,i1709,4735,4735,1085,4730,1071,2,101174,GMT+8
ticks,1498828292686000000,i1709,4735,4735,1086,4730,1072,0,101174,GMT+8
ticks,1498828293364000000,i1709,4735,4735,1087,4730,1079,4,101178,GMT+8
ticks,1498828293900000000,i1709,4730,4735,1094,4730,1078,2,101180,GMT+8
ticks,1498828294368000000,i1709,4730,4735,1095,4730,1026,104,101284,GMT+8
ticks,1498828295394000000,i1709,4730,4735,1097,4730,1026,2,101286,GMT+8
ticks,1498828295795000000,i1709,4730,4735,1099,4730,1025,6,101292,GMT+8
ticks,1498828296387000000,i1709,4730,4735,1100,4730,1025,0,101292,GMT+8
ticks,1498828296860000000,i1709,4735,4735,1097,4730,1036,10,101302,GMT+8
ticks,1498828297376000000,i1709,4730,4735,1099,4730,1022,2,101304,GMT+8
ticks,1498828297864000000,i1709,4730,4735,1102,4730,1022,4,101308,GMT+8
ticks,1498828298314000000,i1709,4735,4735,1102,4730,1021,4,101312,GMT+8
ticks,1498828298890000000,i1709,4735,4735,1111,4730,1024,0,101312,GMT+8
ticks,1498828299297000000,i1709,4730,4735,1113,4730,1024,4,101316,GMT+8
ticks,1498828299871000000,i1709,4735,4735,1113,4730,1024,2,101318,GMT+8
ticks,1498828300285000000,i1709,4735,4735,1133,4730,1025,0,101318,GMT+8
ticks,1498828300751000000,i1709,4730,4735,1130,4730,1019,20,101338,GMT+8
ticks,1498828301385000000,i1709,4730,4735,1130,4730,1020,0,101338,GMT+8
ticks,1498828301851000000,i1709,4730,4735,1126,4730,1017,10,101348,GMT+8
ticks,1498828302397000000,i1709,4735,4735,1125,4730,1017,4,101352,GMT+8
ticks,1498828302890000000,i1709,4730,4735,1125,4730,1016,2,101354,GMT+8
ticks,1498828303379000000,i1709,4730,4735,1126,4730,1018,0,101354,GMT+8
ticks,1498828303860000000,i1709,4735,4735,1127,4730,1023,2,101356,GMT+8
ticks,1498828304188000000,i1709,4735,4735,1127,4730,1022,0,101356,GMT+8
ticks,1498828304884000000,i1709,4735,4735,1129,4730,1022,0,101356,GMT+8
ticks,1498828305356000000,i1709,4735,4735,1132,4730,1023,4,101360,GMT+8
ticks,1498828305842000000,i1709,4730,4735,1132,4730,1022,2,101362,GMT+8
ticks,1498828306339000000,i1709,4730,4735,1130,4730,1022,4,101366,GMT+8
ticks,1498828306875000000,i1709,4735,4735,1129,4730,1022,2,101368,GMT+8
ticks,1498828307297000000,i1709,4730,4735,1210,4730,1021,2,101370,GMT+8
ticks,1498828307866000000,i1709,4735,4735,1209,4730,1023,4,101374,GMT+8
ticks,1498828308883000000,i1709,4735,4735,1208,4730,1050,6,101380,GMT+8
ticks,1498828309305000000,i1709,4730,4735,1210,4730,1045,4,101384,GMT+8
ticks,1498828309697000000,i1709,4730,4735,1210,4730,1044,2,101386,GMT+8
ticks,1498828310297000000,i1709,4730,4735,1210,4730,1045,0,101386,GMT+8
ticks,1498828310796000000,i1709,4730,4735,1261,4730,1081,0,101386,GMT+8
ticks,1498828311279000000,i1709,4730,4735,1261,4730,1078,2,101388,GMT+8
ticks,1498828311820000000,i1709,4735,4735,1263,4730,1080,8,101396,GMT+8
ticks,1498828312333000000,i1709,4730,4735,1265,4730,1082,2,101398,GMT+8
ticks,1498828312898000000,i1709,4735,4735,1266,4730,1085,2,101400,GMT+8
ticks,1498828313383000000,i1709,4735,4735,1267,4730,1085,0,101400,GMT+8
ticks,1498828313796000000,i1709,4735,4735,1266,4730,1086,4,101404,GMT+8
ticks,1498828314373000000,i1709,4735,4735,1271,4730,1116,0,101404,GMT+8
ticks,1498828314857000000,i1709,4730,4735,1270,4730,1115,4,101408,GMT+8
ticks,1498828315403000000,i1709,4730,4735,1270,4730,1113,4,101412,GMT+8
ticks,1498828315875000000,i1709,4730,4735,1268,4730,1063,104,101516,GMT+8
ticks,1498828316837000000,i1709,4730,4735,1269,4730,1055,0,101516,GMT+8
ticks,1498828317315000000,i1709,4735,4735,1227,4730,1052,92,101608,GMT+8
ticks,1498828317801000000,i1709,4735,4735,1227,4730,1050,2,101610,GMT+8
ticks,1498828318033000000,i1709,4735,4735,1229,4730,1050,0,101610,GMT+8
ticks,1498828319308000000,i1709,4730,4735,1238,4730,1049,4,101614,GMT+8
ticks,1498828319842000000,i1709,4730,4735,1254,4730,957,176,101790,GMT+8
