name,time,symbol,last,ask_price,ask_size,bid_price,bid_size,volume,total_volume,timezone
ticks,1499346000000000000,i1709,4695,4695,404,4690,251,4708,4708,GMT+8
ticks,1499346000461000000,i1709,4705,4710,762,4705,288,4040,8748,GMT+8
ticks,1499346000958000000,i1709,4710,4710,183,4705,273,1696,10444,GMT+8
ticks,1499346001461000000,i1709,4710,4715,440,4705,244,298,10742,GMT+8
ticks,1499346001951000000,i1709,4710,4710,4,4705,267,84,10826,GMT+8
ticks,1499346002459000000,i1709,4710,4710,249,4705,327,298,11124,GMT+8
ticks,1499346002960000000,i1709,4710,4715,405,4710,282,1128,12252,GMT+8
ticks,1499346003450000000,i1709,4710,4715,447,4710,333,254,12506,GMT+8
ticks,1499346003959000000,i1709,4710,4710,243,4705,198,1010,13516,GMT+8
ticks,1499346004457000000,i1709,4710,4710,247,4705,277,52,13568,GMT+8
ticks,1499346004957000000,i1709,4705,4710,522,4705,293,138,13706,GMT+8
ticks,1499346005457000000,i1709,4705,4710,401,4705,353,336,14042,GMT+8
ticks,1499346005952000000,i1709,4710,4710,359,4705,260,386,14428,GMT+8
ticks,1499346006456000000,i1709,4705,4710,333,4705,220,144,14572,GMT+8
ticks,1499346006933000000,i1709,4705,4710,317,4705,502,42,14614,GMT+8
ticks,1499346007456000000,i1709,4710,4710,267,4705,570,138,14752,GMT+8
ticks,1499346007960000000,i1709,4710,4710,247,4705,596,62,14814,GMT+8
ticks,1499346008440000000,i1709,4710,4715,400,4710,67,606,15420,GMT+8
ticks,1499346008957000000,i1709,4710,4710,67,4705,698,192,15612,GMT+8
ticks,1499346009439000000,i1709,4710,4715,463,4710,269,234,15846,GMT+8
ticks,1499346009960000000,i1709,4710,4715,464,4710,204,220,16066,GMT+8
ticks,1499346010452000000,i1709,4710,4715,482,4710,216,44,16110,GMT+8
ticks,1499346010935000000,i1709,4710,4710,312,4705,581,576,16686,GMT+8
ticks,1499346011448000000,i1709,4705,4705,104,4700,410,1180,17866,GMT+8
ticks,1499346011958000000,i1709,4705,4705,171,4700,412,22,17888,GMT+8
ticks,1499346012443000000,i1709,4705,4705,327,4700,438,8,17896,GMT+8
ticks,1499346012930000000,i1709,4705,4705,306,4700,437,42,17938,GMT+8
ticks,1499346013461000000,i1709,4700,4705,316,4700,412,94,18032,GMT+8
ticks,1499346013957000000,i1709,4705,4705,338,4700,633,68,18100,GMT+8
ticks,1499346014451000000,i1709,4700,4705,310,4700,733,54,18154,GMT+8
ticks,1499346014952000000,i1709,4705,4705,250,4700,730,124,18278,GMT+8
ticks,1499346015456000000,i1709,4705,4705,11,4700,334,1504,19782,GMT+8
ticks,1499346015958000000,i1709,4705,4705,118,4700,373,186,19968,GMT+8
ticks,1499346016459000000,i1709,4705,4705,87,4700,453,106,20074,GMT+8
ticks,1499346016961000000,i1709,4705,4705,186,4700,563,374,20448,GMT+8
ticks,1499346017425000000,i1709,4700,4705,148,4700,677,264,20712,GMT+8
ticks,1499346017903000000,i1709,4705,4705,192,4700,680,54,20766,GMT+8
ticks,1499346018460000000,i1709,4700,4705,142,4700,658,104,20870,GMT+8
ticks,1499346018955000000,i1709,4705,4710,749,4705,102,348,21218,GMT+8
ticks,1499346019456000000,i1709,4705,4710,746,4705,202,8,21226,GMT+8
ticks,1499346019920000000,i1709,4705,4710,693,4705,283,208,21434,GMT+8
ticks,1499346020453000000,i1709,4705,4710,700,4705,323,52,21486,GMT+8
ticks,1499346020941000000,i1709,4705,4710,702,4705,296,86,21572,GMT+8
ticks,1499346021432000000,i1709,4710,4710,705,4705,306,4,21576,GMT+8
ticks,1499346021962000000,i1709,4705,4710,707,4705,270,8,21584,GMT+8
ticks,1499346022462000000,i1709,4710,4710,719,4705,249,28,21612,GMT+8
ticks,1499346022951000000,i1709,4705,4710,713,4705,353,40,21652,GMT+8
ticks,1499346023453000000,i1709,4705,4710,680,4705,421,68,21720,GMT+8
ticks,1499346023958000000,i1709,4710,4710,684,4705,418,38,21758,GMT+8
ticks,1499346024439000000,i1709,4705,4710,786,4705,418,22,21780,GMT+8
ticks,1499346024955000000,i1709,4705,4710,941,4705,413,34,21814,GMT+8
ticks,1499346025440000000,i1709,4710,4710,936,4705,417,18,21832,GMT+8
ticks,1499346025939000000,i1709,4705,4710,943,4705,407,46,21878,GMT+8
ticks,1499346026445000000,i1709,4705,4710,944,4705,432,16,21894,GMT+8
ticks,1499346026934000000,i1709,4705,4710,936,4705,331,246,22140,GMT+8
ticks,1499346027421000000,i1709,4705,4705,224,4700,1014,452,22592,GMT+8
ticks,1499346027954000000,i1709,4705,4705,290,4700,988,6,22598,GMT+8
ticks,1499346028444000000,i1709,4705,4705,386,4700,685,12,22610,GMT+8
ticks,1499346028943000000,i1709,4705,4705,400,4700,594,30,22640,GMT+8
ticks,1499346029458000000,i1709,4705,4705,422,4700,580,34,22674,GMT+8
ticks,1499346029915000000,i1709,4700,4705,425,4700,577,8,22682,GMT+8
ticks,1499346030435000000,i1709,4705,4705,407,4700,577,38,22720,GMT+8
ticks,1499346030955000000,i1709,4705,4705,409,4700,580,16,22736,GMT+8
ticks,1499346031456000000,i1709,4705,4705,410,4700,592,14,22750,GMT+8
ticks,1499346031947000000,i1709,4705,4705,406,4700,616,12,22762,GMT+8
ticks,1499346032424000000,i1709,4705,4705,414,4700,636,28,22790,GMT+8
ticks,1499346032960000000,i1709,4705,4705,425,4700,637,14,22804,GMT+8
ticks,1499346033450000000,i1709,4705,4705,422,4700,640,30,22834,GMT+8
ticks,1499346033949000000,i1709,4700,4705,499,4700,641,14,22848,GMT+8
ticks,1499346034430000000,i1709,4705,4705,493,4700,629,44,22892,GMT+8
ticks,1499346034928000000,i1709,4705,4705,489,4700,630,30,22922,GMT+8
ticks,1499346035451000000,i1709,4705,4705,519,4700,484,216,23138,GMT+8
ticks,1499346035904000000,i1709,4705,4705,504,4700,489,32,23170,GMT+8
ticks,1499346036455000000,i1709,4700,4705,501,4700,481,26,23196,GMT+8
ticks,1499346036949000000,i1709,4705,4705,493,4700,371,50,23246,GMT+8
ticks,1499346037458000000,i1709,4705,4705,496,4700,353,6,23252,GMT+8
ticks,1499346037935000000,i1709,4700,4705,816,4700,242,228,23480,GMT+8
ticks,1499346038426000000,i1709,4700,4705,901,4700,222,62,23542,GMT+8
ticks,1499346038927000000,i1709,4705,4705,910,4700,223,12,23554,GMT+8
ticks,1499346039417000000,i1709,4700,4705,899,4700,229,26,23580,GMT+8
ticks,1499346039949000000,i1709,4700,4705,900,4700,231,6,23586,GMT+8
ticks,1499346040449000000,i1709,4700,4705,488,4700,264,800,24386,GMT+8
ticks,1499346040958000000,i1709,4700,4705,491,4700,51,628,25014,GMT+8
ticks,1499346041448000000,i1709,4700,4700,50,4695,1031,224,25238,GMT+8
ticks,1499346041955000000,i1709,4700,4700,562,4695,987,240,25478,GMT+8
ticks,1499346042455000000,i1709,4700,4700,631,4695,917,46,25524,GMT+8
ticks,1499346042951000000,i1709,4700,4700,618,4695,923,28,25552,GMT+8
ticks,1499346043460000000,i1709,4700,4700,665,4695,916,28,25580,GMT+8
ticks,1499346043926000000,i1709,4700,4700,687,4695,1138,20,25600,GMT+8
ticks,1499346044462000000,i1709,4700,4700,678,4695,1134,24,25624,GMT+8
ticks,1499346044945000000,i1709,4700,4700,676,4695,1101,46,25670,GMT+8
ticks,1499346045407000000,i1709,4700,4700,647,4695,1112,4,25674,GMT+8
ticks,1499346045912000000,i1709,4700,4700,634,4695,1104,40,25714,GMT+8
ticks,1499346046461000000,i1709,4695,4700,629,4695,1129,18,25732,GMT+8
ticks,1499346046941000000,i1709,4700,4700,621,4695,942,402,26134,GMT+8
ticks,1499346047447000000,i1709,4700,4700,620,4695,964,12,26146,GMT+8
ticks,1499346047958000000,i1709,4700,4700,1120,4695,970,4,26150,GMT+8
ticks,1499346048451000000,i1709,4700,4700,1619,4695,931,10,26160,GMT+8
ticks,1499346048935000000,i1709,4695,4700,1595,4695,933,70,26230,GMT+8
ticks,1499346049444000000,i1709,4695,4700,1601,4695,923,16,26246,GMT+8
ticks,1499346049958000000,i1709,4700,4700,1598,4695,910,32,26278,GMT+8
ticks,1499346050422000000,i1709,4700,4700,1593,4695,879,24,26302,GMT+8
ticks,1499346050928000000,i1709,4700,4700,1585,4695,880,16,26318,GMT+8
ticks,1499346051431000000,i1709,4700,4700,1584,4695,866,16,26334,GMT+8
ticks,1499346051914000000,i1709,4695,4700,1585,4695,852,8,26342,GMT+8
ticks,1499346052431000000,i1709,4700,4700,1588,4695,786,130,26472,GMT+8
ticks,1499346052955000000,i1709,4700,4700,1589,4695,782,6,26478,GMT+8
ticks,1499346053435000000,i1709,4695,4700,1587,4695,770,30,26508,GMT+8
ticks,1499346053933000000,i1709,4700,4700,1576,4695,765,26,26534,GMT+8
ticks,1499346054452000000,i1709,4700,4700,1549,4695,867,56,26590,GMT+8
ticks,1499346054961000000,i1709,4700,4700,1518,4695,888,62,26652,GMT+8
ticks,1499346055457000000,i1709,4700,4705,1127,4700,54,1040,27692,GMT+8
ticks,1499346055957000000,i1709,4700,4705,1043,4700,113,2,27694,GMT+8
ticks,1499346056413000000,i1709,4700,4705,865,4700,416,88,27782,GMT+8
ticks,1499346056947000000,i1709,4700,4705,832,4700,621,60,27842,GMT+8
ticks,1499346057432000000,i1709,4705,4705,829,4700,638,18,27860,GMT+8
ticks,1499346057955000000,i1709,4705,4705,638,4700,586,112,27972,GMT+8
ticks,1499346058416000000,i1709,4705,4705,640,4700,580,34,28006,GMT+8
ticks,1499346058950000000,i1709,4705,4705,614,4700,575,64,28070,GMT+8
ticks,1499346059461000000,i1709,4700,4705,618,4700,553,40,28110,GMT+8
ticks,1499346059912000000,i1709,4705,4705,607,4700,554,34,28144,GMT+8
ticks,1499346060458000000,i1709,4700,4705,522,4700,567,2,28146,GMT+8
ticks,1499346060940000000,i1709,4705,4705,502,4700,585,46,28192,GMT+8
ticks,1499346061445000000,i1709,4705,4705,454,4700,592,96,28288,GMT+8
ticks,1499346061961000000,i1709,4705,4705,466,4700,532,132,28420,GMT+8
ticks,1499346062410000000,i1709,4705,4705,451,4700,594,54,28474,GMT+8
ticks,1499346062899000000,i1709,4700,4705,451,4700,590,10,28484,GMT+8
ticks,1499346063461000000,i1709,4705,4705,477,4700,577,36,28520,GMT+8
ticks,1499346063909000000,i1709,4705,4710,1444,4705,256,948,29468,GMT+8
ticks,1499346064427000000,i1709,4705,4710,1426,4705,615,178,29646,GMT+8
ticks,1499346064953000000,i1709,4705,4710,1236,4705,630,16,29662,GMT+8
ticks,1499346065446000000,i1709,4705,4710,1241,4705,624,12,29674,GMT+8
ticks,1499346065931000000,i1709,4710,4710,1312,4705,564,140,29814,GMT+8
ticks,1499346066417000000,i1709,4705,4710,1182,4705,558,22,29836,GMT+8
ticks,1499346066951000000,i1709,4710,4710,1157,4705,548,52,29888,GMT+8
ticks,1499346067453000000,i1709,4710,4710,1170,4705,597,4,29892,GMT+8
ticks,1499346067962000000,i1709,4705,4710,1160,4705,662,6,29898,GMT+8
ticks,1499346068449000000,i1709,4705,4710,1160,4705,656,12,29910,GMT+8
ticks,1499346068929000000,i1709,4705,4710,1163,4705,651,14,29924,GMT+8
ticks,1499346069451000000,i1709,4710,4710,1161,4705,657,6,29930,GMT+8
ticks,1499346069953000000,i1709,4710,4710,1161,4705,662,8,29938,GMT+8
ticks,1499346070420000000,i1709,4710,4710,1055,4705,654,226,30164,GMT+8
ticks,1499346070953000000,i1709,4710,4710,2070,4705,653,8,30172,GMT+8
ticks,1499346071439000000,i1709,4710,4710,3100,4705,570,72,30244,GMT+8
ticks,1499346071961000000,i1709,4710,4710,3110,4705,550,6,30250,GMT+8
ticks,1499346072455000000,i1709,4705,4710,3111,4705,596,10,30260,GMT+8
ticks,1499346072958000000,i1709,4710,4710,3104,4705,597,14,30274,GMT+8
ticks,1499346073463000000,i1709,4710,4710,3108,4705,1314,10,30284,GMT+8
ticks,1499346073955000000,i1709,4705,4710,3108,4705,1308,22,30306,GMT+8
ticks,1499346074351000000,i1709,4705,4710,2938,4705,1319,344,30650,GMT+8
ticks,1499346074940000000,i1709,4710,4710,1948,4705,1319,2004,32654,GMT+8
ticks,1499346075455000000,i1709,4710,4715,1082,4710,3281,692,33346,GMT+8
ticks,1499346075943000000,i1709,4710,4715,892,4710,3287,26,33372,GMT+8
ticks,1499346076443000000,i1709,4715,4715,411,4710,3284,1010,34382,GMT+8
ticks,1499346076941000000,i1709,4715,4720,1389,4715,224,848,35230,GMT+8
ticks,1499346077444000000,i1709,4715,4720,1285,4715,400,112,35342,GMT+8
ticks,1499346077864000000,i1709,4720,4720,1276,4715,470,2,35344,GMT+8
ticks,1499346078440000000,i1709,4720,4720,1196,4715,650,196,35540,GMT+8
ticks,1499346078945000000,i1709,4720,4720,1157,4715,712,64,35604,GMT+8
ticks,1499346079458000000,i1709,4720,4720,1156,4715,706,58,35662,GMT+8
ticks,1499346079925000000,i1709,4715,4720,1123,4715,745,68,35730,GMT+8
ticks,1499346080459000000,i1709,4720,4720,1101,4715,728,50,35780,GMT+8
ticks,1499346080962000000,i1709,4720,4720,1103,4715,737,10,35790,GMT+8
ticks,1499346081441000000,i1709,4720,4720,1109,4715,683,126,35916,GMT+8
ticks,1499346081952000000,i1709,4720,4720,1093,4715,622,62,35978,GMT+8
ticks,1499346082461000000,i1709,4720,4720,1015,4715,621,130,36108,GMT+8
ticks,1499346082958000000,i1709,4720,4720,989,4715,567,194,36302,GMT+8
ticks,1499346083441000000,i1709,4720,4720,1003,4715,562,48,36350,GMT+8
ticks,1499346083919000000,i1709,4715,4720,1056,4715,570,14,36364,GMT+8
ticks,1499346084437000000,i1709,4720,4720,1358,4715,572,46,36410,GMT+8
ticks,1499346084953000000,i1709,4720,4720,1360,4715,588,10,36420,GMT+8
ticks,1499346085406000000,i1709,4720,4720,1217,4715,683,104,36524,GMT+8
ticks,1499346085954000000,i1709,4720,4720,1172,4715,677,102,36626,GMT+8
ticks,1499346086456000000,i1709,4720,4720,1135,4715,681,88,36714,GMT+8
ticks,1499346086947000000,i1709,4720,4720,1132,4715,688,30,36744,GMT+8
ticks,1499346087443000000,i1709,4715,4720,1119,4715,691,72,36816,GMT+8
ticks,1499346087955000000,i1709,4720,4720,1112,4715,648,124,36940,GMT+8
ticks,1499346088453000000,i1709,4715,4720,1119,4715,699,32,36972,GMT+8
ticks,1499346088885000000,i1709,4715,4720,1256,4715,377,458,37430,GMT+8
ticks,1499346089457000000,i1709,4715,4715,50,4710,2181,978,38408,GMT+8
ticks,1499346089954000000,i1709,4715,4715,571,4710,2179,76,38484,GMT+8
ticks,1499346090410000000,i1709,4715,4715,699,4710,2159,12,38496,GMT+8
ticks,1499346090962000000,i1709,4715,4715,870,4710,2159,24,38520,GMT+8
ticks,1499346091417000000,i1709,4715,4715,1026,4710,2150,16,38536,GMT+8
ticks,1499346091948000000,i1709,4715,4715,1011,4710,2199,30,38566,GMT+8
ticks,1499346092459000000,i1709,4715,4715,1017,4710,2181,2,38568,GMT+8
ticks,1499346092956000000,i1709,4715,4715,980,4710,1069,70,38638,GMT+8
ticks,1499346093449000000,i1709,4715,4715,986,4710,1135,6,38644,GMT+8
ticks,1499346093934000000,i1709,4715,4715,1017,4710,297,200,38844,GMT+8
ticks,1499346094457000000,i1709,4715,4715,1018,4710,287,16,38860,GMT+8
ticks,1499346094904000000,i1709,4715,4715,1050,4710,341,18,38878,GMT+8
ticks,1499346095462000000,i1709,4715,4715,976,4710,364,102,38980,GMT+8
ticks,1499346095953000000,i1709,4715,4715,2012,4710,369,172,39152,GMT+8
ticks,1499346096438000000,i1709,4705,4710,727,4705,884,690,39842,GMT+8
ticks,1499346096960000000,i1709,4710,4710,1117,4705,827,16,39858,GMT+8
ticks,1499346097454000000,i1709,4710,4710,1009,4705,847,174,40032,GMT+8
ticks,1499346097961000000,i1709,4710,4710,603,4705,855,618,40650,GMT+8
ticks,1499346098460000000,i1709,4710,4710,601,4705,857,6,40656,GMT+8
ticks,1499346098951000000,i1709,4710,4710,590,4705,876,26,40682,GMT+8
ticks,1499346099439000000,i1709,4710,4710,571,4705,871,94,40776,GMT+8
ticks,1499346099944000000,i1709,4710,4710,569,4705,875,8,40784,GMT+8
ticks,1499346100458000000,i1709,4710,4710,558,4705,874,20,40804,GMT+8
ticks,1499346100952000000,i1709,4710,4710,653,4705,876,30,40834,GMT+8
ticks,1499346101439000000,i1709,4710,4710,626,4705,816,72,40906,GMT+8
ticks,1499346101940000000,i1709,4710,4710,166,4705,817,986,41892,GMT+8
ticks,1499346102459000000,i1709,4710,4715,2012,4710,188,332,42224,GMT+8
ticks,1499346102942000000,i1709,4715,4715,1891,4710,235,12,42236,GMT+8
ticks,1499346103408000000,i1709,4710,4715,1859,4710,315,4,42240,GMT+8
ticks,1499346103948000000,i1709,4710,4715,1851,4710,299,10,42250,GMT+8
ticks,1499346104411000000,i1709,4710,4710,396,4705,901,662,42912,GMT+8
ticks,1499346104872000000,i1709,4710,4710,135,4705,887,612,43524,GMT+8
ticks,1499346105458000000,i1709,4715,4715,1884,4710,156,276,43800,GMT+8
ticks,1499346105941000000,i1709,4710,4715,2086,4710,75,168,43968,GMT+8
ticks,1499346106429000000,i1709,4710,4715,2091,4710,32,130,44098,GMT+8
ticks,1499346106958000000,i1709,4710,4710,51,4705,977,82,44180,GMT+8
ticks,1499346107427000000,i1709,4710,4710,125,4705,941,24,44204,GMT+8
ticks,1499346107940000000,i1709,4705,4710,136,4705,858,72,44276,GMT+8
ticks,1499346108457000000,i1709,4710,4710,134,4705,862,6,44282,GMT+8
ticks,1499346108925000000,i1709,4710,4710,347,4705,856,46,44328,GMT+8
ticks,1499346109461000000,i1709,4710,4710,470,4705,842,30,44358,GMT+8
ticks,1499346109882000000,i1709,4710,4710,720,4705,851,44,44402,GMT+8
ticks,1499346110407000000,i1709,4710,4710,762,4705,851,36,44438,GMT+8
ticks,1499346110957000000,i1709,4710,4710,872,4705,909,110,44548,GMT+8
ticks,1499346111436000000,i1709,4705,4710,862,4705,914,26,44574,GMT+8
ticks,1499346111876000000,i1709,4710,4710,862,4705,916,14,44588,GMT+8
ticks,1499346112457000000,i1709,4710,4710,799,4705,919,6,44594,GMT+8
ticks,1499346112887000000,i1709,4705,4710,799,4705,917,4,44598,GMT+8
ticks,1499346113462000000,i1709,4710,4710,807,4705,915,14,44612,GMT+8
ticks,1499346113955000000,i1709,4710,4710,796,4705,918,24,44636,GMT+8
ticks,1499346114457000000,i1709,4705,4710,797,4705,718,402,45038,GMT+8
ticks,1499346114959000000,i1709,4705,4710,795,4705,717,14,45052,GMT+8
ticks,1499346115462000000,i1709,4705,4710,795,4705,717,4,45056,GMT+8
ticks,1499346115889000000,i1709,4710,4710,884,4705,716,22,45078,GMT+8
ticks,1499346116448000000,i1709,4710,4710,879,4705,715,16,45094,GMT+8
ticks,1499346116946000000,i1709,4710,4710,847,4705,718,84,45178,GMT+8
ticks,1499346117435000000,i1709,4710,4710,840,4705,720,20,45198,GMT+8
ticks,1499346117930000000,i1709,4705,4710,844,4705,725,16,45214,GMT+8
ticks,1499346118428000000,i1709,4710,4710,822,4705,782,54,45268,GMT+8
ticks,1499346118955000000,i1709,4705,4710,761,4705,725,262,45530,GMT+8
ticks,1499346119461000000,i1709,4710,4710,757,4705,724,28,45558,GMT+8
ticks,1499346119945000000,i1709,4710,4710,807,4705,709,44,45602,GMT+8
ticks,1499346120429000000,i1709,4710,4710,807,4705,709,2,45604,GMT+8
ticks,1499346120958000000,i1709,4705,4710,817,4705,700,18,45622,GMT+8
ticks,1499346121445000000,i1709,4705,4710,803,4705,570,134,45756,GMT+8
ticks,1499346121893000000,i1709,4705,4710,804,4705,762,0,45756,GMT+8
ticks,1499346122454000000,i1709,4705,4710,665,4705,737,318,46074,GMT+8
ticks,1499346122947000000,i1709,4710,4710,716,4705,738,6,46080,GMT+8
ticks,1499346123462000000,i1709,4710,4710,692,4705,772,30,46110,GMT+8
ticks,1499346123961000000,i1709,4710,4710,683,4705,760,18,46128,GMT+8
ticks,1499346124453000000,i1709,4705,4710,712,4705,759,54,46182,GMT+8
ticks,1499346124949000000,i1709,4710,4710,707,4705,779,66,46248,GMT+8
ticks,1499346125459000000,i1709,4710,4710,738,4705,1177,16,46264,GMT+8
ticks,1499346125957000000,i1709,4710,4710,711,4705,1288,56,46320,GMT+8
ticks,1499346126431000000,i1709,4710,4710,698,4705,1292,44,46364,GMT+8
ticks,1499346126936000000,i1709,4710,4710,673,4705,1295,58,46422,GMT+8
ticks,1499346127457000000,i1709,4710,4710,668,4705,1288,14,46436,GMT+8
ticks,1499346127956000000,i1709,4710,4710,661,4705,1301,20,46456,GMT+8
ticks,1499346128439000000,i1709,4710,4710,1034,4705,1184,0,46456,GMT+8
ticks,1499346128871000000,i1709,4705,4710,1015,4705,1181,62,46518,GMT+8
ticks,1499346129440000000,i1709,4705,4710,1030,4705,1181,4,46522,GMT+8
ticks,1499346129949000000,i1709,4705,4710,1030,4705,1180,106,46628,GMT+8
ticks,1499346130424000000,i1709,4710,4710,1047,4705,838,638,47266,GMT+8
ticks,1499346130841000000,i1709,4710,4710,1045,4705,1148,4,47270,GMT+8
ticks,1499346131357000000,i1709,4705,4710,1045,4705,1144,12,47282,GMT+8
ticks,1499346131853000000,i1709,4705,4710,1047,4705,1130,42,47324,GMT+8
ticks,1499346132410000000,i1709,4710,4710,1054,4705,1147,4,47328,GMT+8
ticks,1499346132958000000,i1709,4710,4710,1088,4705,1148,0,47328,GMT+8
ticks,1499346133426000000,i1709,4710,4710,1064,4705,1146,56,47384,GMT+8
ticks,1499346133959000000,i1709,4710,4710,1285,4705,1145,2,47386,GMT+8
ticks,1499346134395000000,i1709,4705,4710,1289,4705,1141,18,47404,GMT+8
ticks,1499346134943000000,i1709,4705,4710,1278,4705,808,688,48092,GMT+8
ticks,1499346135444000000,i1709,4710,4710,1283,4705,804,20,48112,GMT+8
ticks,1499346135905000000,i1709,4705,4710,1276,4705,802,18,48130,GMT+8
ticks,1499346136461000000,i1709,4705,4710,1223,4705,819,102,48232,GMT+8
ticks,1499346136920000000,i1709,4710,4710,1217,4705,816,18,48250,GMT+8
ticks,1499346137441000000,i1709,4705,4710,1225,4705,751,82,48332,GMT+8
ticks,1499346137952000000,i1709,4705,4710,1230,4705,415,672,49004,GMT+8
ticks,1499346138457000000,i1709,4705,4710,1237,4705,330,170,49174,GMT+8
ticks,1499346138947000000,i1709,4705,4705,1,4700,1081,668,49842,GMT+8
ticks,1499346139451000000,i1709,4705,4705,60,4700,1075,66,49908,GMT+8
ticks,1499346139958000000,i1709,4705,4705,207,4700,1067,12,49920,GMT+8
ticks,1499346140431000000,i1709,4705,4705,364,4700,1064,8,49928,GMT+8
ticks,1499346140959000000,i1709,4705,4705,359,4700,1065,12,49940,GMT+8
ticks,1499346141443000000,i1709,4705,4705,420,4700,1040,0,49940,GMT+8
ticks,1499346141908000000,i1709,4705,4705,422,4700,1060,14,49954,GMT+8
ticks,1499346142457000000,i1709,4705,4710,1434,4705,193,856,50810,GMT+8
ticks,1499346142954000000,i1709,4705,4710,1299,4705,367,12,50822,GMT+8
ticks,1499346143436000000,i1709,4705,4710,1283,4705,473,58,50880,GMT+8
ticks,1499346143900000000,i1709,4705,4710,1282,4705,520,6,50886,GMT+8
ticks,1499346144457000000,i1709,4710,4710,1273,4705,519,26,50912,GMT+8
ticks,1499346144944000000,i1709,4705,4710,1634,4705,381,62,50974,GMT+8
ticks,1499346145409000000,i1709,4705,4710,1694,4705,332,178,51152,GMT+8
ticks,1499346145947000000,i1709,4710,4710,1662,4705,335,60,51212,GMT+8
ticks,1499346146433000000,i1709,4705,4710,1667,4705,278,124,51336,GMT+8
ticks,1499346146959000000,i1709,4710,4710,1619,4705,279,100,51436,GMT+8
ticks,1499346147408000000,i1709,4710,4710,1620,4705,204,130,51566,GMT+8
ticks,1499346147929000000,i1709,4705,4705,192,4700,1173,408,51974,GMT+8
ticks,1499346148453000000,i1709,4705,4705,184,4700,1171,114,52088,GMT+8
ticks,1499346148954000000,i1709,4705,4705,103,4700,1111,166,52254,GMT+8
ticks,1499346149289000000,i1709,4705,4710,1657,4705,72,206,52460,GMT+8
ticks,1499346149767000000,i1709,4705,4710,1665,4705,76,4,52464,GMT+8
ticks,1499346150461000000,i1709,4705,4710,1672,4705,83,0,52464,GMT+8
ticks,1499346150960000000,i1709,4710,4710,1666,4705,104,28,52492,GMT+8
ticks,1499346151461000000,i1709,4710,4710,1665,4705,107,4,52496,GMT+8
ticks,1499346151958000000,i1709,4705,4710,1662,4705,215,20,52516,GMT+8
ticks,1499346152456000000,i1709,4705,4710,1500,4705,312,40,52556,GMT+8
ticks,1499346152952000000,i1709,4710,4710,1533,4705,416,8,52564,GMT+8
ticks,1499346153420000000,i1709,4705,4710,1348,4705,415,408,52972,GMT+8
ticks,1499346153921000000,i1709,4710,4710,1323,4705,436,88,53060,GMT+8
ticks,1499346154358000000,i1709,4705,4710,1323,4705,435,42,53102,GMT+8
ticks,1499346154957000000,i1709,4705,4710,1421,4705,450,16,53118,GMT+8
ticks,1499346155429000000,i1709,4705,4710,1430,4705,411,42,53160,GMT+8
ticks,1499346155929000000,i1709,4705,4710,1443,4705,416,0,53160,GMT+8
ticks,1499346156434000000,i1709,4705,4710,1421,4705,437,2,53162,GMT+8
ticks,1499346156914000000,i1709,4710,4710,1420,4705,440,76,53238,GMT+8
ticks,1499346157450000000,i1709,4710,4710,1409,4705,440,22,53260,GMT+8
ticks,1499346157903000000,i1709,4710,4710,1412,4705,440,0,53260,GMT+8
ticks,1499346158374000000,i1709,4705,4710,1416,4705,218,452,53712,GMT+8
ticks,1499346158895000000,i1709,4705,4710,1415,4705,212,16,53728,GMT+8
ticks,1499346159315000000,i1709,4710,4710,1413,4705,214,4,53732,GMT+8
ticks,1499346159858000000,i1709,4710,4710,1420,4705,209,28,53760,GMT+8
ticks,1499346160421000000,i1709,4705,4710,1418,4705,222,4,53764,GMT+8
ticks,1499346160892000000,i1709,4710,4710,1431,4705,222,10,53774,GMT+8
ticks,1499346161449000000,i1709,4710,4710,1450,4705,229,0,53774,GMT+8
ticks,1499346161904000000,i1709,4705,4710,1431,4705,230,8,53782,GMT+8
ticks,1499346162461000000,i1709,4705,4710,1405,4705,374,122,53904,GMT+8
ticks,1499346162961000000,i1709,4705,4705,146,4700,1239,692,54596,GMT+8
ticks,1499346163317000000,i1709,4705,4705,14,4700,1282,270,54866,GMT+8
ticks,1499346163952000000,i1709,4705,4710,1433,4705,73,36,54902,GMT+8
ticks,1499346164441000000,i1709,4710,4710,1446,4705,93,4,54906,GMT+8
ticks,1499346164937000000,i1709,4710,4710,1441,4705,95,0,54906,GMT+8
ticks,1499346165411000000,i1709,4710,4710,1445,4705,97,0,54906,GMT+8
ticks,1499346165902000000,i1709,4710,4710,1483,4705,110,0,54906,GMT+8
ticks,1499346166386000000,i1709,4710,4710,1473,4705,107,28,54934,GMT+8
ticks,1499346166882000000,i1709,4710,4710,1479,4705,158,4,54938,GMT+8
ticks,1499346167457000000,i1709,4705,4710,1483,4705,192,2,54940,GMT+8
ticks,1499346167921000000,i1709,4705,4710,1483,4705,168,4,54944,GMT+8
ticks,1499346168301000000,i1709,4705,4710,1485,4705,145,20,54964,GMT+8
ticks,1499346168924000000,i1709,4705,4710,1496,4705,347,22,54986,GMT+8
ticks,1499346169463000000,i1709,4705,4710,1502,4705,342,12,54998,GMT+8
ticks,1499346169962000000,i1709,4705,4710,1491,4705,390,38,55036,GMT+8
ticks,1499346170455000000,i1709,4710,4710,1413,4705,397,2,55038,GMT+8
ticks,1499346170907000000,i1709,4705,4710,1402,4705,400,20,55058,GMT+8
ticks,1499346171456000000,i1709,4705,4710,1404,4705,397,32,55090,GMT+8
ticks,1499346171823000000,i1709,4705,4710,1403,4705,398,4,55094,GMT+8
ticks,1499346172362000000,i1709,4705,4710,1403,4705,403,2,55096,GMT+8
ticks,1499346172832000000,i1709,4710,4710,1409,4705,406,2,55098,GMT+8
ticks,1499346173445000000,i1709,4705,4710,1316,4705,505,2,55100,GMT+8
ticks,1499346173899000000,i1709,4705,4710,1314,4705,497,22,55122,GMT+8
ticks,1499346174396000000,i1709,4710,4710,1312,4705,496,14,55136,GMT+8
ticks,1499346174940000000,i1709,4705,4710,1309,4705,516,20,55156,GMT+8
ticks,1499346175323000000,i1709,4705,4710,1309,4705,517,10,55166,GMT+8
ticks,1499346175948000000,i1709,4705,4710,2309,4705,321,172,55338,GMT+8
ticks,1499346176458000000,i1709,4705,4710,2308,4705,301,44,55382,GMT+8
ticks,1499346176867000000,i1709,4705,4710,2336,4705,301,6,55388,GMT+8
ticks,1499346177453000000,i1709,4705,4710,2336,4705,285,2,55390,GMT+8
ticks,1499346177957000000,i1709,4705,4710,2335,4705,256,6,55396,GMT+8
ticks,1499346178372000000,i1709,4710,4710,2334,4705,258,4,55400,GMT+8
ticks,1499346178906000000,i1709,4710,4710,2333,4705,265,2,55402,GMT+8
ticks,1499346179424000000,i1709,4710,4710,2332,4705,265,0,55402,GMT+8
ticks,1499346179960000000,i1709,4705,4710,2337,4705,261,22,55424,GMT+8
ticks,1499346180463000000,i1709,4705,4705,170,4700,1219,522,55946,GMT+8
ticks,1499346180905000000,i1709,4705,4705,309,4700,1212,54,56000,GMT+8
ticks,1499346181454000000,i1709,4700,4705,318,4700,1181,60,56060,GMT+8
ticks,1499346181801000000,i1709,4705,4705,228,4700,1194,36,56096,GMT+8
ticks,1499346182411000000,i1709,4705,4705,233,4700,1257,0,56096,GMT+8
ticks,1499346182803000000,i1709,4705,4705,571,4700,1248,0,56096,GMT+8
ticks,1499346183314000000,i1709,4705,4705,570,4700,1242,2,56098,GMT+8
ticks,1499346183947000000,i1709,4705,4705,583,4700,1243,6,56104,GMT+8
ticks,1499346184399000000,i1709,4700,4705,581,4700,1197,24,56128,GMT+8
ticks,1499346184963000000,i1709,4705,4705,581,4700,1300,4,56132,GMT+8
ticks,1499346185336000000,i1709,4705,4705,549,4700,1305,66,56198,GMT+8
ticks,1499346185953000000,i1709,4700,4705,548,4700,1305,8,56206,GMT+8
ticks,1499346186395000000,i1709,4705,4705,547,4700,1303,2,56208,GMT+8
ticks,1499346186874000000,i1709,4700,4705,556,4700,1310,6,56214,GMT+8
ticks,1499346187438000000,i1709,4705,4705,552,4700,1307,10,56224,GMT+8
ticks,1499346187958000000,i1709,4700,4705,550,4700,1320,6,56230,GMT+8
ticks,1499346188440000000,i1709,4705,4705,552,4700,1318,6,56236,GMT+8
ticks,1499346188945000000,i1709,4700,4705,568,4700,1159,328,56564,GMT+8
ticks,1499346189414000000,i1709,4700,4705,662,4700,995,4,56568,GMT+8
ticks,1499346189888000000,i1709,4705,4705,661,4700,998,16,56584,GMT+8
ticks,1499346190348000000,i1709,4705,4705,771,4700,998,0,56584,GMT+8
ticks,1499346190906000000,i1709,4705,4705,845,4700,992,4,56588,GMT+8
ticks,1499346191366000000,i1709,4705,4705,857,4700,990,0,56588,GMT+8
ticks,1499346191956000000,i1709,4705,4705,954,4700,1010,10,56598,GMT+8
ticks,1499346192370000000,i1709,4700,4705,1006,4700,869,112,56710,GMT+8
ticks,1499346192921000000,i1709,4700,4705,1013,4700,790,146,56856,GMT+8
ticks,1499346193408000000,i1709,4700,4700,297,4695,1329,1582,58438,GMT+8
ticks,1499346193964000000,i1709,4700,4700,629,4695,1320,14,58452,GMT+8
ticks,1499346194441000000,i1709,4700,4700,625,4695,1231,46,58498,GMT+8
ticks,1499346194922000000,i1709,4700,4700,660,4695,1231,0,58498,GMT+8
ticks,1499346195458000000,i1709,4700,4700,1036,4695,1136,2,58500,GMT+8
ticks,1499346195959000000,i1709,4700,4700,1035,4695,1129,8,58508,GMT+8
ticks,1499346196445000000,i1709,4700,4700,643,4695,1225,806,59314,GMT+8
ticks,1499346196930000000,i1709,4695,4700,746,4695,734,828,60142,GMT+8
ticks,1499346197424000000,i1709,4695,4700,802,4695,725,50,60192,GMT+8
ticks,1499346197951000000,i1709,4700,4700,741,4695,723,136,60328,GMT+8
ticks,1499346198462000000,i1709,4700,4700,731,4695,902,26,60354,GMT+8
ticks,1499346198875000000,i1709,4695,4700,730,4695,879,52,60406,GMT+8
ticks,1499346199403000000,i1709,4700,4700,458,4695,903,616,61022,GMT+8
ticks,1499346199937000000,i1709,4695,4700,533,4695,712,420,61442,GMT+8
ticks,1499346200463000000,i1709,4700,4705,1189,4700,808,1594,63036,GMT+8
ticks,1499346200950000000,i1709,4700,4705,1191,4700,931,6,63042,GMT+8
ticks,1499346201438000000,i1709,4700,4705,1115,4700,899,68,63110,GMT+8
ticks,1499346201953000000,i1709,4700,4705,1114,4700,899,0,63110,GMT+8
ticks,1499346202455000000,i1709,4700,4705,1102,4700,543,690,63800,GMT+8
ticks,1499346202955000000,i1709,4700,4705,1070,4700,441,174,63974,GMT+8
ticks,1499346203327000000,i1709,4700,4705,1067,4700,462,8,63982,GMT+8
ticks,1499346203948000000,i1709,4700,4705,1080,4700,162,32,64014,GMT+8
ticks,1499346204446000000,i1709,4700,4700,655,4695,811,356,64370,GMT+8
ticks,1499346204964000000,i1709,4700,4700,696,4695,763,32,64402,GMT+8
ticks,1499346205450000000,i1709,4700,4700,708,4695,687,2,64404,GMT+8
ticks,1499346205963000000,i1709,4700,4700,704,4695,657,14,64418,GMT+8
ticks,1499346206341000000,i1709,4700,4700,706,4695,656,8,64426,GMT+8
ticks,1499346206957000000,i1709,4700,4700,712,4695,656,6,64432,GMT+8
ticks,1499346207455000000,i1709,4700,4700,711,4695,638,68,64500,GMT+8
ticks,1499346207917000000,i1709,4700,4700,768,4695,691,0,64500,GMT+8
ticks,1499346208459000000,i1709,4695,4700,780,4695,688,6,64506,GMT+8
ticks,1499346208896000000,i1709,4700,4700,1044,4695,694,4,64510,GMT+8
ticks,1499346209453000000,i1709,4695,4700,1045,4695,694,42,64552,GMT+8
ticks,1499346209954000000,i1709,4695,4695,18,4690,1156,1422,65974,GMT+8
ticks,1499346210451000000,i1709,4700,4700,1167,4695,95,246,66220,GMT+8
ticks,1499346210964000000,i1709,4695,4695,125,4690,1378,214,66434,GMT+8
ticks,1499346211432000000,i1709,4695,4695,191,4690,1402,6,66440,GMT+8
ticks,1499346211958000000,i1709,4695,4695,487,4690,1384,18,66458,GMT+8
ticks,1499346212433000000,i1709,4695,4700,1256,4695,135,1028,67486,GMT+8
ticks,1499346212923000000,i1709,4695,4695,18,4690,1360,310,67796,GMT+8
ticks,1499346213429000000,i1709,4690,4695,72,4690,1354,100,67896,GMT+8
ticks,1499346213943000000,i1709,4690,4695,58,4690,1334,200,68096,GMT+8
ticks,1499346214413000000,i1709,4695,4695,36,4690,1243,316,68412,GMT+8
ticks,1499346214920000000,i1709,4690,4695,175,4690,1737,4,68416,GMT+8
ticks,1499346215463000000,i1709,4695,4700,1303,4695,292,448,68864,GMT+8
ticks,1499346215940000000,i1709,4695,4695,143,4690,1643,844,69708,GMT+8
ticks,1499346216450000000,i1709,4690,4695,99,4690,1649,220,69928,GMT+8
ticks,1499346216957000000,i1709,4690,4695,91,4690,1622,6,69934,GMT+8
ticks,1499346217450000000,i1709,4695,4700,1314,4695,307,180,70114,GMT+8
ticks,1499346217955000000,i1709,4695,4700,1300,4695,458,36,70150,GMT+8
ticks,1499346218424000000,i1709,4695,4700,1593,4695,464,18,70168,GMT+8
ticks,1499346218928000000,i1709,4695,4700,1588,4695,454,24,70192,GMT+8
ticks,1499346219445000000,i1709,4695,4700,1589,4695,338,276,70468,GMT+8
ticks,1499346219964000000,i1709,4695,4700,1604,4695,228,222,70690,GMT+8
ticks,1499346220461000000,i1709,4700,4700,1613,4695,165,80,70770,GMT+8
ticks,1499346220946000000,i1709,4695,4700,1566,4695,164,26,70796,GMT+8
ticks,1499346221437000000,i1709,4690,4695,145,4690,1223,334,71130,GMT+8
ticks,1499346221963000000,i1709,4695,4695,156,4690,1213,44,71174,GMT+8
ticks,1499346222460000000,i1709,4695,4695,181,4690,1127,0,71174,GMT+8
ticks,1499346222944000000,i1709,4695,4700,1620,4695,15,538,71712,GMT+8
ticks,1499346223446000000,i1709,4695,4700,1367,4695,22,746,72458,GMT+8
ticks,1499346223963000000,i1709,4695,4700,1816,4695,106,14,72472,GMT+8
ticks,1499346224428000000,i1709,4695,4700,1816,4695,99,18,72490,GMT+8
ticks,1499346224955000000,i1709,4695,4700,1617,4695,89,28,72518,GMT+8
ticks,1499346225451000000,i1709,4695,4700,1614,4695,82,24,72542,GMT+8
ticks,1499346225904000000,i1709,4695,4700,1634,4695,95,24,72566,GMT+8
ticks,1499346226463000000,i1709,4695,4700,1649,4695,106,76,72642,GMT+8
ticks,1499346226913000000,i1709,4695,4700,1592,4695,171,48,72690,GMT+8
ticks,1499346227450000000,i1709,4695,4700,1575,4695,57,238,72928,GMT+8
ticks,1499346227905000000,i1709,4695,4695,221,4690,1262,252,73180,GMT+8
ticks,1499346228364000000,i1709,4695,4695,332,4690,1252,4,73184,GMT+8
ticks,1499346228960000000,i1709,4690,4695,423,4690,1214,8,73192,GMT+8
ticks,1499346229461000000,i1709,4690,4695,462,4690,1191,0,73192,GMT+8
ticks,1499346229944000000,i1709,4690,4695,467,4690,1176,6,73198,GMT+8
ticks,1499346230453000000,i1709,4690,4695,597,4690,1352,6,73204,GMT+8
ticks,1499346230955000000,i1709,4690,4695,681,4690,1321,4,73208,GMT+8
ticks,1499346231444000000,i1709,4690,4695,630,4690,1365,106,73314,GMT+8
ticks,1499346231873000000,i1709,4695,4695,577,4690,1387,128,73442,GMT+8
ticks,1499346232437000000,i1709,4690,4695,614,4690,1380,40,73482,GMT+8
ticks,1499346232951000000,i1709,4690,4695,671,4690,1262,20,73502,GMT+8
ticks,1499346233447000000,i1709,4695,4695,611,4690,1253,144,73646,GMT+8
ticks,1499346233891000000,i1709,4690,4695,614,4690,1241,28,73674,GMT+8
ticks,1499346234455000000,i1709,4690,4695,629,4690,960,526,74200,GMT+8
ticks,1499346234962000000,i1709,4690,4695,732,4690,706,448,74648,GMT+8
ticks,1499346235406000000,i1709,4690,4695,737,4690,325,732,75380,GMT+8
ticks,1499346235943000000,i1709,4690,4695,747,4690,222,210,75590,GMT+8
ticks,1499346236410000000,i1709,4690,4695,835,4690,356,206,75796,GMT+8
ticks,1499346236946000000,i1709,4690,4695,803,4690,834,190,75986,GMT+8
ticks,1499346237457000000,i1709,4690,4695,826,4690,944,6,75992,GMT+8
ticks,1499346237948000000,i1709,4690,4695,818,4690,1423,32,76024,GMT+8
ticks,1499346238428000000,i1709,4690,4695,882,4690,1519,16,76040,GMT+8
ticks,1499346238951000000,i1709,4690,4695,890,4690,1620,28,76068,GMT+8
ticks,1499346239443000000,i1709,4690,4695,828,4690,1606,40,76108,GMT+8
ticks,1499346239955000000,i1709,4690,4695,810,4690,1550,218,76326,GMT+8
ticks,1499346240419000000,i1709,4690,4695,1152,4690,1406,72,76398,GMT+8
ticks,1499346240952000000,i1709,4690,4695,1143,4690,1402,28,76426,GMT+8
ticks,1499346241440000000,i1709,4690,4695,1140,4690,1376,60,76486,GMT+8
ticks,1499346241961000000,i1709,4690,4695,1146,4690,1352,58,76544,GMT+8
ticks,1499346242453000000,i1709,4690,4695,1146,4690,1576,4,76548,GMT+8
ticks,1499346242949000000,i1709,4690,4695,1145,4690,1676,8,76556,GMT+8
ticks,1499346243413000000,i1709,4690,4695,1092,4690,1666,40,76596,GMT+8
ticks,1499346243932000000,i1709,4690,4695,1090,4690,1628,86,76682,GMT+8
ticks,1499346244454000000,i1709,4690,4695,1096,4690,1623,16,76698,GMT+8
ticks,1499346244917000000,i1709,4690,4695,1107,4690,1711,10,76708,GMT+8
ticks,1499346245455000000,i1709,4695,4695,1129,4690,1707,40,76748,GMT+8
ticks,1499346245961000000,i1709,4690,4695,1150,4690,1714,8,76756,GMT+8
ticks,1499346246433000000,i1709,4695,4695,1147,4690,1717,20,76776,GMT+8
ticks,1499346246940000000,i1709,4690,4695,1232,4690,1709,18,76794,GMT+8
ticks,1499346247422000000,i1709,4690,4695,1230,4690,1713,10,76804,GMT+8
ticks,1499346247963000000,i1709,4690,4695,1110,4690,1707,82,76886,GMT+8
ticks,1499346248441000000,i1709,4695,4695,831,4690,1726,652,77538,GMT+8
ticks,1499346248950000000,i1709,4695,4700,1872,4695,1050,1672,79210,GMT+8
ticks,1499346249456000000,i1709,4700,4700,1301,4695,1483,630,79840,GMT+8
ticks,1499346249957000000,i1709,4695,4700,1298,4695,1450,4,79844,GMT+8
ticks,1499346250445000000,i1709,4695,4700,1280,4695,1417,26,79870,GMT+8
ticks,1499346250960000000,i1709,4700,4700,1391,4695,1095,702,80572,GMT+8
ticks,1499346251456000000,i1709,4700,4700,1376,4695,1348,6,80578,GMT+8
ticks,1499346251962000000,i1709,4695,4700,1373,4695,1346,8,80586,GMT+8
ticks,1499346252454000000,i1709,4695,4700,1377,4695,1244,4,80590,GMT+8
ticks,1499346252949000000,i1709,4695,4700,1380,4695,1245,2,80592,GMT+8
ticks,1499346253459000000,i1709,4695,4700,1379,4695,1244,20,80612,GMT+8
ticks,1499346253951000000,i1709,4695,4700,1383,4695,1233,4,80616,GMT+8
ticks,1499346254406000000,i1709,4695,4700,1384,4695,1229,2,80618,GMT+8
ticks,1499346254960000000,i1709,4700,4700,1366,4695,1211,40,80658,GMT+8
ticks,1499346255459000000,i1709,4695,4700,1369,4695,1218,2,80660,GMT+8
ticks,1499346255958000000,i1709,4695,4700,1392,4695,1178,104,80764,GMT+8
ticks,1499346256407000000,i1709,4700,4700,1398,4695,1218,4,80768,GMT+8
ticks,1499346256912000000,i1709,4700,4700,1404,4695,1222,22,80790,GMT+8
ticks,1499346257320000000,i1709,4695,4700,1401,4695,1226,8,80798,GMT+8
ticks,1499346257964000000,i1709,4700,4700,1429,4695,1226,4,80802,GMT+8
ticks,1499346258450000000,i1709,4695,4700,1425,4695,1226,4,80806,GMT+8
ticks,1499346258866000000,i1709,4695,4700,1425,4695,1216,22,80828,GMT+8
ticks,1499346259454000000,i1709,4700,4700,1423,4695,1217,4,80832,GMT+8
ticks,1499346259940000000,i1709,4700,4700,1419,4695,1218,8,80840,GMT+8
ticks,1499346260279000000,i1709,4700,4700,1420,4695,1222,4,80844,GMT+8
ticks,1499346260868000000,i1709,4700,4700,1416,4695,1222,2,80846,GMT+8
ticks,1499346261407000000,i1709,4700,4700,1367,4695,1222,100,80946,GMT+8
ticks,1499346261916000000,i1709,4695,4700,1364,4695,1224,8,80954,GMT+8
ticks,1499346262420000000,i1709,4700,4700,1360,4695,1329,12,80966,GMT+8
ticks,1499346262946000000,i1709,4700,4700,1368,4695,1330,4,80970,GMT+8
ticks,1499346263428000000,i1709,4700,4700,1356,4695,1336,32,81002,GMT+8
ticks,1499346263953000000,i1709,4700,4700,1358,4695,1332,16,81018,GMT+8
ticks,1499346264463000000,i1709,4700,4700,1338,4695,1336,38,81056,GMT+8
ticks,1499346264959000000,i1709,4700,4705,1317,4700,201,1476,82532,GMT+8
ticks,1499346265462000000,i1709,4700,4705,1313,4700,308,216,82748,GMT+8
ticks,1499346265931000000,i1709,4700,4705,1194,4700,347,8,82756,GMT+8
ticks,1499346266412000000,i1709,4700,4705,1179,4700,977,16,82772,GMT+8
ticks,1499346266960000000,i1709,4700,4705,1143,4700,975,14,82786,GMT+8
ticks,1499346267441000000,i1709,4700,4705,1142,4700,983,2,82788,GMT+8
ticks,1499346267954000000,i1709,4700,4705,1142,4700,999,0,82788,GMT+8
ticks,1499346268459000000,i1709,4700,4705,1140,4700,998,28,82816,GMT+8
ticks,1499346268843000000,i1709,4700,4705,1140,4700,997,2,82818,GMT+8
ticks,1499346269433000000,i1709,4700,4705,1145,4700,997,20,82838,GMT+8
ticks,1499346269946000000,i1709,4700,4705,1145,4700,1031,12,82850,GMT+8
ticks,1499346270407000000,i1709,4700,4705,1146,4700,1026,10,82860,GMT+8
ticks,1499346270937000000,i1709,4705,4705,1143,4700,1027,14,82874,GMT+8
ticks,1499346271418000000,i1709,4700,4705,1144,4700,1243,18,82892,GMT+8
ticks,1499346271965000000,i1709,4700,4705,1145,4700,1246,0,82892,GMT+8
ticks,1499346272436000000,i1709,4700,4705,1143,4700,1259,14,82906,GMT+8
ticks,1499346272925000000,i1709,4700,4705,1144,4700,1260,6,82912,GMT+8
ticks,1499346273397000000,i1709,4700,4705,1147,4700,1256,6,82918,GMT+8
ticks,1499346273924000000,i1709,4705,4705,1146,4700,1255,2,82920,GMT+8
ticks,1499346274445000000,i1709,4700,4705,1160,4700,1256,4,82924,GMT+8
ticks,1499346274937000000,i1709,4700,4705,1160,4700,1259,2,82926,GMT+8
ticks,1499346275463000000,i1709,4705,4705,1134,4700,1259,56,82982,GMT+8
ticks,1499346275924000000,i1709,4705,4705,1067,4700,1255,146,83128,GMT+8
ticks,1499346276462000000,i1709,4705,4705,1094,4700,1256,4,83132,GMT+8
ticks,1499346276803000000,i1709,4705,4705,1087,4700,1256,14,83146,GMT+8
ticks,1499346277443000000,i1709,4705,4705,1121,4700,1266,2,83148,GMT+8
ticks,1499346277959000000,i1709,4705,4705,1200,4700,1275,132,83280,GMT+8
ticks,1499346278177000000,i1709,4700,4705,1199,4700,1275,4,83284,GMT+8
ticks,1499346278957000000,i1709,4705,4705,1207,4700,1276,8,83292,GMT+8
ticks,1499346279453000000,i1709,4700,4705,1219,4700,1277,2,83294,GMT+8
ticks,1499346279931000000,i1709,4705,4705,1218,4700,1279,2,83296,GMT+8
ticks,1499346280415000000,i1709,4705,4705,1217,4700,1286,2,83298,GMT+8
ticks,1499346280888000000,i1709,4705,4705,1217,4700,1293,20,83318,GMT+8
ticks,1499346281327000000,i1709,4700,4705,1216,4700,1332,2,83320,GMT+8
ticks,1499346281881000000,i1709,4705,4705,1184,4700,1335,68,83388,GMT+8
ticks,1499346282457000000,i1709,4700,4705,1185,4700,1167,334,83722,GMT+8
ticks,1499346282955000000,i1709,4700,4705,1216,4700,1149,40,83762,GMT+8
ticks,1499346283406000000,i1709,4700,4705,1217,4700,1176,6,83768,GMT+8
ticks,1499346283948000000,i1709,4705,4705,1201,4700,1180,38,83806,GMT+8
ticks,1499346284430000000,i1709,4705,4705,1203,4700,1181,0,83806,GMT+8
ticks,1499346284917000000,i1709,4705,4705,1208,4700,1185,0,83806,GMT+8
ticks,1499346285428000000,i1709,4705,4705,1206,4700,1183,6,83812,GMT+8
ticks,1499346285912000000,i1709,4705,4705,1153,4700,1182,106,83918,GMT+8
ticks,1499346286377000000,i1709,4705,4705,1286,4700,1079,2,83920,GMT+8
ticks,1499346286911000000,i1709,4700,4705,1307,4700,1014,134,84054,GMT+8
ticks,1499346287426000000,i1709,4700,4705,1306,4700,1004,28,84082,GMT+8
ticks,1499346287953000000,i1709,4700,4705,1310,4700,971,6,84088,GMT+8
ticks,1499346288379000000,i1709,4700,4705,1315,4700,966,10,84098,GMT+8
ticks,1499346288953000000,i1709,4700,4705,1316,4700,754,180,84278,GMT+8
ticks,1499346289437000000,i1709,4700,4705,1313,4700,289,950,85228,GMT+8
ticks,1499346289899000000,i1709,4700,4700,913,4695,1120,588,85816,GMT+8
ticks,1499346290421000000,i1709,4700,4700,920,4695,1051,20,85836,GMT+8
ticks,1499346290934000000,i1709,4700,4700,910,4695,1048,26,85862,GMT+8
ticks,1499346291458000000,i1709,4695,4700,914,4695,1045,6,85868,GMT+8
ticks,1499346291964000000,i1709,4695,4700,902,4695,1045,0,85868,GMT+8
ticks,1499346292430000000,i1709,4700,4700,898,4695,1054,14,85882,GMT+8
ticks,1499346292963000000,i1709,4695,4700,891,4695,1053,2,85884,GMT+8
ticks,1499346293884000000,i1709,4700,4700,883,4695,1051,20,85904,GMT+8
ticks,1499346294369000000,i1709,4700,4700,880,4695,1055,8,85912,GMT+8
ticks,1499346294857000000,i1709,4695,4700,913,4695,1072,42,85954,GMT+8
ticks,1499346295451000000,i1709,4695,4700,933,4695,1077,0,85954,GMT+8
ticks,1499346295893000000,i1709,4700,4700,928,4695,1078,10,85964,GMT+8
ticks,1499346296457000000,i1709,4700,4700,924,4695,1077,8,85972,GMT+8
ticks,1499346296935000000,i1709,4700,4700,910,4695,1068,42,86014,GMT+8
ticks,1499346297461000000,i1709,4700,4700,877,4695,1067,2,86016,GMT+8
ticks,1499346297905000000,i1709,4700,4700,819,4695,1062,2,86018,GMT+8
ticks,1499346298428000000,i1709,4695,4700,818,4695,1092,26,86044,GMT+8
ticks,1499346298954000000,i1709,4700,4700,828,4695,1089,4,86048,GMT+8
ticks,1499346299377000000,i1709,4700,4700,832,4695,1089,0,86048,GMT+8
ticks,1499346299945000000,i1709,4700,4700,842,4695,1090,38,86086,GMT+8
ticks,1499346300365000000,i1709,4700,4700,848,4695,1090,2,86088,GMT+8
ticks,1499346300892000000,i1709,4700,4700,1180,4695,1088,6,86094,GMT+8
ticks,1499346301348000000,i1709,4700,4700,1182,4695,1089,2,86096,GMT+8
ticks,1499346301950000000,i1709,4695,4700,1182,4695,1086,4,86100,GMT+8
ticks,1499346302451000000,i1709,4695,4700,1195,4695,1078,16,86116,GMT+8
ticks,1499346302882000000,i1709,4695,4700,1196,4695,1056,44,86160,GMT+8
ticks,1499346303465000000,i1709,4700,4700,1184,4695,1353,26,86186,GMT+8
ticks,1499346303952000000,i1709,4695,4700,1181,4695,1340,42,86228,GMT+8
ticks,1499346304277000000,i1709,4695,4700,1182,4695,1340,0,86228,GMT+8
ticks,1499346304943000000,i1709,4695,4700,1184,4695,961,706,86934,GMT+8
ticks,1499346305387000000,i1709,4695,4700,1186,4695,950,10,86944,GMT+8
ticks,1499346305944000000,i1709,4695,4700,1193,4695,955,0,86944,GMT+8
ticks,1499346306462000000,i1709,4695,4700,1189,4695,954,12,86956,GMT+8
ticks,1499346306898000000,i1709,4695,4700,1193,4695,932,46,87002,GMT+8
ticks,1499346307431000000,i1709,4695,4700,1195,4695,931,2,87004,GMT+8
ticks,1499346307960000000,i1709,4695,4700,1194,4695,931,4,87008,GMT+8
ticks,1499346308426000000,i1709,4695,4700,1197,4695,926,4,87012,GMT+8
ticks,1499346308940000000,i1709,4695,4700,1192,4695,772,118,87130,GMT+8
ticks,1499346309456000000,i1709,4695,4700,1193,4695,735,74,87204,GMT+8
ticks,1499346309931000000,i1709,4695,4700,1191,4695,697,16,87220,GMT+8
ticks,1499346310446000000,i1709,4695,4700,1191,4695,644,100,87320,GMT+8
ticks,1499346310903000000,i1709,4700,4700,1191,4695,643,4,87324,GMT+8
ticks,1499346311384000000,i1709,4695,4700,1185,4695,673,42,87366,GMT+8
ticks,1499346311963000000,i1709,4695,4700,1206,4695,692,16,87382,GMT+8
ticks,1499346312434000000,i1709,4695,4700,1200,4695,631,142,87524,GMT+8
ticks,1499346312865000000,i1709,4695,4700,1200,4695,619,26,87550,GMT+8
ticks,1499346313370000000,i1709,4695,4700,1193,4695,768,0,87550,GMT+8
ticks,1499346313914000000,i1709,4695,4700,1091,4695,803,10,87560,GMT+8
ticks,1499346314448000000,i1709,4695,4700,1101,4695,896,8,87568,GMT+8
ticks,1499346314896000000,i1709,4700,4700,1057,4695,898,2,87570,GMT+8
ticks,1499346315454000000,i1709,4695,4700,1061,4695,1141,26,87596,GMT+8
ticks,1499346315894000000,i1709,4700,4700,1066,4695,1140,4,87600,GMT+8
ticks,1499346316458000000,i1709,4695,4700,1066,4695,1161,6,87606,GMT+8
ticks,1499346316946000000,i1709,4695,4700,1067,4695,1160,6,87612,GMT+8
ticks,1499346317348000000,i1709,4695,4700,1167,4695,1160,2,87614,GMT+8
ticks,1499346317896000000,i1709,4700,4700,1163,4695,1166,10,87624,GMT+8
ticks,1499346318462000000,i1709,4700,4700,1161,4695,1144,4,87628,GMT+8
ticks,1499346318890000000,i1709,4695,4700,1163,4695,1151,2,87630,GMT+8
ticks,1499346319457000000,i1709,4695,4700,490,4695,1192,1198,88828,GMT+8
ticks,1499346319923000000,i1709,4700,4700,481,4695,1190,44,88872,GMT+8
ticks,1499346320442000000,i1709,4700,4700,556,4695,1194,24,88896,GMT+8
ticks,1499346320947000000,i1709,4700,4700,402,4695,1195,294,89190,GMT+8
ticks,1499346321447000000,i1709,4695,4700,412,4695,1183,6,89196,GMT+8
ticks,1499346321963000000,i1709,4695,4700,643,4695,1179,0,89196,GMT+8
ticks,1499346322463000000,i1709,4700,4700,754,4695,1157,10,89206,GMT+8
ticks,1499346322864000000,i1709,4700,4700,782,4695,1143,14,89220,GMT+8
ticks,1499346323367000000,i1709,4695,4700,795,4695,1142,2,89222,GMT+8
ticks,1499346323908000000,i1709,4695,4700,800,4695,1142,0,89222,GMT+8
ticks,1499346324405000000,i1709,4695,4700,802,4695,1159,12,89234,GMT+8
ticks,1499346324896000000,i1709,4695,4700,802,4695,1158,0,89234,GMT+8
ticks,1499346325400000000,i1709,4700,4700,805,4695,1159,6,89240,GMT+8
ticks,1499346325923000000,i1709,4695,4700,800,4695,1159,20,89260,GMT+8
ticks,1499346326446000000,i1709,4700,4700,813,4695,1175,4,89264,GMT+8
ticks,1499346326932000000,i1709,4695,4700,904,4695,1160,2,89266,GMT+8
ticks,1499346327465000000,i1709,4700,4700,894,4695,1166,4,89270,GMT+8
ticks,1499346327860000000,i1709,4700,4700,892,4695,1166,8,89278,GMT+8
ticks,1499346328461000000,i1709,4700,4700,891,4695,1667,2,89280,GMT+8
ticks,1499346328932000000,i1709,4695,4700,814,4695,1703,8,89288,GMT+8
ticks,1499346329454000000,i1709,4695,4700,815,4695,1700,4,89292,GMT+8
ticks,1499346329939000000,i1709,4695,4700,816,4695,1726,0,89292,GMT+8
ticks,1499346330453000000,i1709,4695,4700,819,4695,1788,4,89296,GMT+8
ticks,1499346330928000000,i1709,4700,4700,839,4695,1790,2,89298,GMT+8
ticks,1499346331459000000,i1709,4700,4700,842,4695,1786,6,89304,GMT+8
ticks,1499346331946000000,i1709,4695,4700,844,4695,1784,6,89310,GMT+8
ticks,1499346332428000000,i1709,4700,4700,831,4695,1784,26,89336,GMT+8
ticks,1499346332961000000,i1709,4695,4700,834,4695,1779,10,89346,GMT+8
ticks,1499346333443000000,i1709,4700,4700,839,4695,1777,6,89352,GMT+8
ticks,1499346333918000000,i1709,4695,4700,841,4695,1771,10,89362,GMT+8
ticks,1499346334386000000,i1709,4695,4700,794,4695,1772,98,89460,GMT+8
ticks,1499346334800000000,i1709,4695,4700,793,4695,1825,16,89476,GMT+8
ticks,1499346335443000000,i1709,4700,4700,778,4695,1828,32,89508,GMT+8
ticks,1499346335957000000,i1709,4700,4700,783,4695,1822,10,89518,GMT+8
ticks,1499346336418000000,i1709,4700,4700,1284,4695,1804,2,89520,GMT+8
ticks,1499346336925000000,i1709,4695,4700,1288,4695,1803,8,89528,GMT+8
ticks,1499346337442000000,i1709,4700,4700,1407,4695,1723,4,89532,GMT+8
ticks,1499346337934000000,i1709,4695,4700,1507,4695,1708,12,89544,GMT+8
ticks,1499346338432000000,i1709,4700,4700,1506,4695,1689,66,89610,GMT+8
ticks,1499346338957000000,i1709,4700,4700,1510,4695,1689,0,89610,GMT+8
ticks,1499346339440000000,i1709,4700,4700,1515,4695,1689,0,89610,GMT+8
ticks,1499346339931000000,i1709,4695,4700,1515,4695,1668,2,89612,GMT+8
ticks,1499346340463000000,i1709,4695,4700,1516,4695,1668,12,89624,GMT+8
ticks,1499346340939000000,i1709,4695,4700,1523,4695,1668,0,89624,GMT+8
ticks,1499346341332000000,i1709,4700,4700,1590,4695,1677,2,89626,GMT+8
ticks,1499346341963000000,i1709,4700,4700,1590,4695,1677,2,89628,GMT+8
ticks,1499346342433000000,i1709,4695,4700,1525,4695,1676,14,89642,GMT+8
ticks,1499346342833000000,i1709,4700,4700,1528,4695,1679,2,89644,GMT+8
ticks,1499346343349000000,i1709,4695,4700,1550,4695,1676,20,89664,GMT+8
ticks,1499346343963000000,i1709,4700,4700,1499,4695,1691,104,89768,GMT+8
ticks,1499346344301000000,i1709,4700,4700,1499,4695,1711,2,89770,GMT+8
ticks,1499346344871000000,i1709,4695,4700,1496,4695,1719,14,89784,GMT+8
ticks,1499346345422000000,i1709,4700,4700,1500,4695,1721,10,89794,GMT+8
ticks,1499346345941000000,i1709,4700,4700,1534,4695,1834,4,89798,GMT+8
ticks,1499346346922000000,i1709,4700,4700,1538,4695,1837,4,89802,GMT+8
ticks,1499346347421000000,i1709,4700,4700,1530,4695,1837,14,89816,GMT+8
ticks,1499346347938000000,i1709,4695,4700,1540,4695,1834,2,89818,GMT+8
ticks,1499346348413000000,i1709,4695,4700,1537,4695,1812,14,89832,GMT+8
ticks,1499346348955000000,i1709,4695,4700,1580,4695,1799,30,89862,GMT+8
ticks,1499346349441000000,i1709,4695,4700,1580,4695,1789,0,89862,GMT+8
ticks,1499346349809000000,i1709,4695,4700,1580,4695,1808,2,89864,GMT+8
ticks,1499346350462000000,i1709,4695,4700,1575,4695,1803,4,89868,GMT+8
ticks,1499346350918000000,i1709,4700,4700,1573,4695,1801,4,89872,GMT+8
ticks,1499346351420000000,i1709,4700,4700,1595,4695,1801,0,89872,GMT+8
ticks,1499346351957000000,i1709,4700,4700,1595,4695,1806,0,89872,GMT+8
ticks,1499346352222000000,i1709,4700,4700,1597,4695,1806,0,89872,GMT+8
ticks,1499346352887000000,i1709,4700,4700,1597,4695,1806,4,89876,GMT+8
ticks,1499346353454000000,i1709,4695,4700,1701,4695,1705,2,89878,GMT+8
ticks,1499346353944000000,i1709,4695,4700,1703,4695,1684,2,89880,GMT+8
ticks,1499346354446000000,i1709,4695,4700,1709,4695,1352,666,90546,GMT+8
ticks,1499346354955000000,i1709,4695,4700,1711,4695,1265,164,90710,GMT+8
ticks,1499346355301000000,i1709,4695,4700,1711,4695,983,752,91462,GMT+8
ticks,1499346355963000000,i1709,4700,4700,1827,4695,938,72,91534,GMT+8
ticks,1499346356313000000,i1709,4700,4700,1826,4695,831,218,91752,GMT+8
ticks,1499346356915000000,i1709,4695,4700,1817,4695,725,252,92004,GMT+8
ticks,1499346357439000000,i1709,4695,4700,1824,4695,692,66,92070,GMT+8
ticks,1499346357938000000,i1709,4695,4700,1899,4695,370,634,92704,GMT+8
ticks,1499346358459000000,i1709,4695,4695,405,4690,1585,740,93444,GMT+8
ticks,1499346358881000000,i1709,4695,4695,434,4690,1584,0,93444,GMT+8
ticks,1499346359328000000,i1709,4690,4695,153,4690,1563,842,94286,GMT+8
ticks,1499346359956000000,i1709,4695,4700,2026,4695,202,320,94606,GMT+8
ticks,1499346360442000000,i1709,4695,4700,1971,4695,380,6,94612,GMT+8
ticks,1499346360842000000,i1709,4695,4700,1971,4695,478,4,94616,GMT+8
ticks,1499346361440000000,i1709,4695,4695,310,4690,1642,970,95586,GMT+8
ticks,1499346361872000000,i1709,4695,4695,435,4690,1636,0,95586,GMT+8
ticks,1499346362448000000,i1709,4695,4695,416,4690,1637,80,95666,GMT+8
ticks,1499346362940000000,i1709,4695,4700,2324,4695,131,838,96504,GMT+8
ticks,1499346363452000000,i1709,4695,4700,2264,4695,238,68,96572,GMT+8
ticks,1499346363951000000,i1709,4700,4700,2262,4695,344,24,96596,GMT+8
ticks,1499346364375000000,i1709,4695,4700,2265,4695,471,6,96602,GMT+8
ticks,1499346364963000000,i1709,4700,4700,2263,4695,476,6,96608,GMT+8
ticks,1499346365465000000,i1709,4695,4700,2263,4695,815,30,96638,GMT+8
ticks,1499346365903000000,i1709,4695,4700,2173,4695,980,4,96642,GMT+8
ticks,1499346366444000000,i1709,4695,4700,2174,4695,1483,4,96646,GMT+8
ticks,1499346366937000000,i1709,4700,4700,2172,4695,1492,10,96656,GMT+8
ticks,1499346367457000000,i1709,4695,4700,2170,4695,1500,10,96666,GMT+8
ticks,1499346367930000000,i1709,4695,4700,2172,4695,1488,24,96690,GMT+8
ticks,1499346368421000000,i1709,4700,4700,2163,4695,1495,26,96716,GMT+8
ticks,1499346368882000000,i1709,4695,4700,2175,4695,1494,4,96720,GMT+8
ticks,1499346369362000000,i1709,4695,4700,2186,4695,1160,670,97390,GMT+8
ticks,1499346369951000000,i1709,4695,4700,2186,4695,1160,4,97394,GMT+8
ticks,1499346370446000000,i1709,4695,4700,2175,4695,1148,54,97448,GMT+8
ticks,1499346370933000000,i1709,4695,4700,2180,4695,1136,24,97472,GMT+8
ticks,1499346371404000000,i1709,4695,4700,2180,4695,1134,8,97480,GMT+8
ticks,1499346371949000000,i1709,4700,4700,2195,4695,1083,106,97586,GMT+8
ticks,1499346372457000000,i1709,4695,4700,2196,4695,1071,34,97620,GMT+8
ticks,1499346372938000000,i1709,4695,4700,2196,4695,1070,10,97630,GMT+8
ticks,1499346373447000000,i1709,4695,4700,2197,4695,1071,4,97634,GMT+8
ticks,1499346373943000000,i1709,4695,4700,2195,4695,1073,6,97640,GMT+8
ticks,1499346374389000000,i1709,4700,4700,2282,4695,808,1136,98776,GMT+8
ticks,1499346374910000000,i1709,4695,4700,2278,4695,737,168,98944,GMT+8
ticks,1499346375457000000,i1709,4695,4700,2279,4695,744,0,98944,GMT+8
ticks,1499346375956000000,i1709,4695,4700,2280,4695,711,98,99042,GMT+8
ticks,1499346376447000000,i1709,4695,4700,2303,4695,716,0,99042,GMT+8
ticks,1499346376909000000,i1709,4700,4700,2303,4695,714,8,99050,GMT+8
ticks,1499346377423000000,i1709,4695,4700,2303,4695,714,2,99052,GMT+8
ticks,1499346377852000000,i1709,4700,4700,2307,4695,716,2,99054,GMT+8
ticks,1499346378463000000,i1709,4695,4700,2313,4695,716,2,99056,GMT+8
ticks,1499346378910000000,i1709,4700,4700,2316,4695,736,2,99058,GMT+8
ticks,1499346379431000000,i1709,4695,4700,2314,4695,735,2,99060,GMT+8
ticks,1499346379910000000,i1709,4695,4700,2314,4695,811,16,99076,GMT+8
ticks,1499346380271000000,i1709,4695,4700,2314,4695,815,2,99078,GMT+8
ticks,1499346380860000000,i1709,4695,4700,2317,4695,829,0,99078,GMT+8
ticks,1499346381420000000,i1709,4695,4700,2318,4695,773,114,99192,GMT+8
ticks,1499346381931000000,i1709,4695,4700,2312,4695,779,22,99214,GMT+8
ticks,1499346382441000000,i1709,4695,4700,2315,4695,807,42,99256,GMT+8
ticks,1499346382961000000,i1709,4700,4700,2314,4695,814,4,99260,GMT+8
ticks,1499346383394000000,i1709,4700,4700,2311,4695,813,8,99268,GMT+8
ticks,1499346383933000000,i1709,4695,4700,2314,4695,796,38,99306,GMT+8
ticks,1499346384442000000,i1709,4695,4700,2314,4695,806,0,99306,GMT+8
ticks,1499346384959000000,i1709,4700,4700,2311,4695,802,6,99312,GMT+8
ticks,1499346385464000000,i1709,4700,4700,2319,4695,863,0,99312,GMT+8
ticks,1499346385949000000,i1709,4700,4700,2318,4695,974,2,99314,GMT+8
ticks,1499346386408000000,i1709,4695,4700,2317,4695,973,4,99318,GMT+8
ticks,1499346386954000000,i1709,4695,4700,2316,4695,974,8,99326,GMT+8
ticks,1499346387421000000,i1709,4700,4700,2321,4695,1306,2,99328,GMT+8
ticks,1499346387949000000,i1709,4700,4700,2328,4695,1318,4,99332,GMT+8
ticks,1499346388301000000,i1709,4700,4700,2325,4695,818,1008,100340,GMT+8
ticks,1499346388824000000,i1709,4700,4700,2323,4695,868,6,100346,GMT+8
ticks,1499346389439000000,i1709,4700,4700,2317,4695,870,4,100350,GMT+8
ticks,1499346389947000000,i1709,4695,4700,2321,4695,864,14,100364,GMT+8
ticks,1499346390350000000,i1709,4700,4700,2321,4695,866,2,100366,GMT+8
ticks,1499346390925000000,i1709,4695,4700,2321,4695,857,22,100388,GMT+8
ticks,1499346391441000000,i1709,4695,4700,2322,4695,856,2,100390,GMT+8
ticks,1499346391907000000,i1709,4700,4700,2333,4695,871,2,100392,GMT+8
ticks,1499346392434000000,i1709,4700,4700,2336,4695,871,4,100396,GMT+8
ticks,1499346392868000000,i1709,4700,4700,2338,4695,871,0,100396,GMT+8
ticks,1499346393427000000,i1709,4700,4700,2358,4695,874,0,100396,GMT+8
ticks,1499346393836000000,i1709,4695,4700,2352,4695,864,30,100426,GMT+8
ticks,1499346394454000000,i1709,4695,4700,2362,4695,900,2,100428,GMT+8
ticks,1499346394923000000,i1709,4695,4700,2349,4695,807,24,100452,GMT+8
ticks,1499346395463000000,i1709,4700,4700,2299,4695,813,2,100454,GMT+8
ticks,1499346395865000000,i1709,4695,4700,2297,4695,810,12,100466,GMT+8
ticks,1499346396364000000,i1709,4695,4700,2298,4695,814,2,100468,GMT+8
ticks,1499346396868000000,i1709,4695,4700,2298,4695,774,10,100478,GMT+8
ticks,1499346397439000000,i1709,4700,4700,2298,4695,776,2,100480,GMT+8
ticks,1499346397909000000,i1709,4700,4700,2306,4695,775,6,100486,GMT+8
ticks,1499346398445000000,i1709,4695,4700,2306,4695,776,4,100490,GMT+8
ticks,1499346398943000000,i1709,4695,4700,2303,4695,786,0,100490,GMT+8
ticks,1499346399404000000,i1709,4695,4700,2303,4695,809,6,100496,GMT+8
ticks,1499346399886000000,i1709,4695,4700,2304,4695,757,104,100600,GMT+8
ticks,1499346400417000000,i1709,4700,4700,2310,4695,756,6,100606,GMT+8
ticks,1499346400931000000,i1709,4700,4700,2307,4695,756,8,100614,GMT+8
ticks,1499346401448000000,i1709,4695,4700,2306,4695,755,6,100620,GMT+8
ticks,1499346401940000000,i1709,4695,4700,2307,4695,754,6,100626,GMT+8
ticks,1499346402464000000,i1709,4700,4700,2306,4695,259,992,101618,GMT+8
ticks,1499346402803000000,i1709,4700,4700,2307,4695,225,170,101788,GMT+8
ticks,1499346403464000000,i1709,4695,4700,2307,4695,226,18,101806,GMT+8
ticks,1499346403959000000,i1709,4695,4700,2303,4695,387,52,101858,GMT+8
ticks,1499346404217000000,i1709,4695,4700,2304,4695,409,0,101858,GMT+8
ticks,1499346404958000000,i1709,4695,4700,2300,4695,621,10,101868,GMT+8
ticks,1499346405466000000,i1709,4695,4700,2292,4695,680,6,101874,GMT+8
ticks,1499346405909000000,i1709,4695,4700,2294,4695,667,6,101880,GMT+8
ticks,1499346406453000000,i1709,4695,4700,2281,4695,668,30,101910,GMT+8
ticks,1499346406954000000,i1709,4700,4700,2279,4695,706,4,101914,GMT+8
ticks,1499346407337000000,i1709,4695,4700,2278,4695,703,6,101920,GMT+8
ticks,1499346407722000000,i1709,4695,4700,2278,4695,656,28,101948,GMT+8
ticks,1499346408433000000,i1709,4695,4700,2280,4695,659,0,101948,GMT+8
ticks,1499346408899000000,i1709,4695,4700,2280,4695,660,6,101954,GMT+8
ticks,1499346409448000000,i1709,4695,4700,2275,4695,628,72,102026,GMT+8
ticks,1499346409958000000,i1709,4695,4700,2280,4695,629,6,102032,GMT+8
ticks,1499346410447000000,i1709,4695,4700,2280,4695,627,10,102042,GMT+8
ticks,1499346410928000000,i1709,4695,4695,88,4690,1790,1306,103348,GMT+8
ticks,1499346411464000000,i1709,4695,4695,112,4690,1791,64,103412,GMT+8
ticks,1499346411957000000,i1709,4695,4695,101,4690,1738,112,103524,GMT+8
ticks,1499346412462000000,i1709,4695,4700,2322,4695,419,230,103754,GMT+8
ticks,1499346412886000000,i1709,4695,4700,2268,4695,464,2,103756,GMT+8
ticks,1499346413298000000,i1709,4695,4700,2263,4695,479,0,103756,GMT+8
ticks,1499346413869000000,i1709,4695,4700,2263,4695,485,10,103766,GMT+8
ticks,1499346414446000000,i1709,4695,4700,2293,4695,482,6,103772,GMT+8
ticks,1499346414950000000,i1709,4695,4700,2293,4695,488,0,103772,GMT+8
ticks,1499346415449000000,i1709,4695,4700,2291,4695,469,40,103812,GMT+8
ticks,1499346415890000000,i1709,4700,4700,2290,4695,488,2,103814,GMT+8
ticks,1499346416400000000,i1709,4695,4695,45,4690,1817,698,104512,GMT+8
ticks,1499346416958000000,i1709,4695,4695,95,4690,1818,42,104554,GMT+8
ticks,1499346417453000000,i1709,4695,4695,107,4690,1802,48,104602,GMT+8
ticks,1499346417763000000,i1709,4695,4695,108,4690,1818,22,104624,GMT+8
ticks,1499346418280000000,i1709,4695,4695,107,4690,1767,2,104626,GMT+8
ticks,1499346418841000000,i1709,4690,4695,143,4690,1765,4,104630,GMT+8
ticks,1499346419442000000,i1709,4695,4695,123,4690,1783,26,104656,GMT+8
ticks,1499346419908000000,i1709,4695,4695,127,4690,1783,14,104670,GMT+8
ticks,1499346420403000000,i1709,4695,4695,149,4690,1786,30,104700,GMT+8
ticks,1499346420844000000,i1709,4695,4695,148,4690,1789,2,104702,GMT+8
ticks,1499346421387000000,i1709,4695,4695,160,4690,1791,6,104708,GMT+8
ticks,1499346421859000000,i1709,4695,4695,121,4690,1791,60,104768,GMT+8
ticks,1499346422443000000,i1709,4690,4695,140,4690,1796,2,104770,GMT+8
ticks,1499346422964000000,i1709,4695,4700,2371,4695,506,336,105106,GMT+8
ticks,1499346423425000000,i1709,4695,4700,2266,4695,696,6,105112,GMT+8
ticks,1499346423940000000,i1709,4695,4700,2263,4695,975,6,105118,GMT+8
ticks,1499346424344000000,i1709,4695,4700,2263,4695,1010,2,105120,GMT+8
ticks,1499346424913000000,i1709,4695,4700,2264,4695,1011,0,105120,GMT+8
ticks,1499346425457000000,i1709,4695,4700,2251,4695,1013,16,105136,GMT+8
ticks,1499346425928000000,i1709,4695,4700,2251,4695,997,2,105138,GMT+8
ticks,1499346426420000000,i1709,4695,4700,2254,4695,948,100,105238,GMT+8
ticks,1499346426947000000,i1709,4695,4700,2254,4695,953,8,105246,GMT+8
ticks,1499346427407000000,i1709,4695,4700,2188,4695,946,16,105262,GMT+8
ticks,1499346427864000000,i1709,4700,4700,2188,4695,952,2,105264,GMT+8
ticks,1499346428461000000,i1709,4700,4700,2186,4695,947,14,105278,GMT+8
ticks,1499346428868000000,i1709,4695,4700,2187,4695,946,6,105284,GMT+8
ticks,1499346429446000000,i1709,4695,4700,2191,4695,933,28,105312,GMT+8
ticks,1499346429866000000,i1709,4700,4700,2200,4695,934,2,105314,GMT+8
ticks,1499346430378000000,i1709,4700,4700,2200,4695,935,0,105314,GMT+8
ticks,1499346430951000000,i1709,4695,4700,2219,4695,593,682,105996,GMT+8
ticks,1499346431228000000,i1709,4695,4700,2221,4695,579,34,106030,GMT+8
ticks,1499346431928000000,i1709,4695,4700,2222,4695,547,64,106094,GMT+8
ticks,1499346432434000000,i1709,4700,4700,2214,4695,555,2,106096,GMT+8
ticks,1499346432934000000,i1709,4695,4700,2213,4695,587,2,106098,GMT+8
ticks,1499346433238000000,i1709,4695,4700,2216,4695,598,2,106100,GMT+8
ticks,1499346433847000000,i1709,4695,4700,2215,4695,631,10,106110,GMT+8
ticks,1499346434446000000,i1709,4695,4700,2215,4695,617,40,106150,GMT+8
ticks,1499346434947000000,i1709,4695,4700,2216,4695,714,4,106154,GMT+8
ticks,1499346435463000000,i1709,4695,4700,2216,4695,711,6,106160,GMT+8
ticks,1499346435959000000,i1709,4695,4700,2215,4695,721,4,106164,GMT+8
ticks,1499346436374000000,i1709,4695,4700,2218,4695,771,0,106164,GMT+8
ticks,1499346436783000000,i1709,4695,4700,2221,4695,776,10,106174,GMT+8
ticks,1499346437356000000,i1709,4695,4700,2222,4695,794,0,106174,GMT+8
ticks,1499346437848000000,i1709,4695,4700,2221,4695,721,148,106322,GMT+8
ticks,1499346438391000000,i1709,4695,4700,2228,4695,620,8,106330,GMT+8
ticks,1499346438938000000,i1709,4695,4700,2249,4695,618,8,106338,GMT+8
ticks,1499346439464000000,i1709,4695,4700,2250,4695,617,2,106340,GMT+8
ticks,1499346439959000000,i1709,4695,4700,2247,4695,538,32,106372,GMT+8
ticks,1499346440447000000,i1709,4695,4700,2246,4695,539,0,106372,GMT+8
ticks,1499346440962000000,i1709,4700,4700,2142,4695,539,4,106376,GMT+8
ticks,1499346441301000000,i1709,4700,4700,2142,4695,543,0,106376,GMT+8
ticks,1499346441956000000,i1709,4695,4700,2142,4695,575,4,106380,GMT+8
ticks,1499346442405000000,i1709,4695,4700,2143,4695,580,6,106386,GMT+8
ticks,1499346442905000000,i1709,4695,4700,2152,4695,546,2,106388,GMT+8
ticks,1499346443395000000,i1709,4695,4700,2152,4695,540,12,106400,GMT+8
ticks,1499346443950000000,i1709,4700,4700,2151,4695,564,22,106422,GMT+8
ticks,1499346444387000000,i1709,4700,4700,2156,4695,564,0,106422,GMT+8
ticks,1499346444949000000,i1709,4695,4700,2156,4695,564,8,106430,GMT+8
ticks,1499346445458000000,i1709,4695,4700,2211,4695,535,2,106432,GMT+8
ticks,1499346445876000000,i1709,4695,4700,2210,4695,529,6,106438,GMT+8
ticks,1499346446413000000,i1709,4695,4700,2210,4695,504,40,106478,GMT+8
ticks,1499346446883000000,i1709,4695,4700,2211,4695,494,22,106500,GMT+8
ticks,1499346447396000000,i1709,4695,4700,2212,4695,493,2,106502,GMT+8
ticks,1499346447893000000,i1709,4695,4700,2211,4695,328,216,106718,GMT+8
ticks,1499346448422000000,i1709,4695,4700,2279,4695,296,40,106758,GMT+8
ticks,1499346448965000000,i1709,4695,4700,2377,4695,227,142,106900,GMT+8
ticks,1499346449385000000,i1709,4695,4695,205,4690,1870,468,107368,GMT+8
ticks,1499346449957000000,i1709,4695,4695,273,4690,1869,4,107372,GMT+8
ticks,1499346450428000000,i1709,4695,4695,296,4690,1802,0,107372,GMT+8
ticks,1499346450954000000,i1709,4690,4695,419,4690,2312,6,107378,GMT+8
ticks,1499346451434000000,i1709,4690,4695,421,4690,2298,16,107394,GMT+8
ticks,1499346451904000000,i1709,4690,4695,428,4690,2291,4,107398,GMT+8
ticks,1499346452294000000,i1709,4690,4695,450,4690,2278,38,107436,GMT+8
ticks,1499346452915000000,i1709,4695,4695,454,4690,2281,24,107460,GMT+8
ticks,1499346453421000000,i1709,4695,4695,584,4690,2271,10,107470,GMT+8
ticks,1499346453886000000,i1709,4695,4695,568,4690,2272,34,107504,GMT+8
ticks,1499346454460000000,i1709,4695,4695,567,4690,2269,18,107522,GMT+8
ticks,1499346454829000000,i1709,4695,4695,559,4690,2270,14,107536,GMT+8
ticks,1499346455313000000,i1709,4695,4695,509,4690,2264,134,107670,GMT+8
ticks,1499346455807000000,i1709,4695,4695,510,4690,2264,0,107670,GMT+8
ticks,1499346456334000000,i1709,4690,4695,511,4690,2260,8,107678,GMT+8
ticks,1499346456862000000,i1709,4690,4695,511,4690,2257,8,107686,GMT+8
ticks,1499346457437000000,i1709,4690,4695,511,4690,2249,2,107688,GMT+8
ticks,1499346457900000000,i1709,4690,4695,520,4690,2246,0,107688,GMT+8
ticks,1499346458431000000,i1709,4695,4695,525,4690,2240,4,107692,GMT+8
ticks,1499346458955000000,i1709,4695,4695,528,4690,2243,4,107696,GMT+8
ticks,1499346459310000000,i1709,4695,4695,863,4690,2233,4,107700,GMT+8
ticks,1499346459966000000,i1709,4690,4695,863,4690,2241,4,107704,GMT+8
ticks,1499346460420000000,i1709,4690,4695,874,4690,2233,18,107722,GMT+8
ticks,1499346460955000000,i1709,4695,4695,868,4690,2239,2,107724,GMT+8
ticks,1499346461325000000,i1709,4695,4695,845,4690,2263,42,107766,GMT+8
ticks,1499346461955000000,i1709,4690,4695,847,4690,2254,6,107772,GMT+8
ticks,1499346462399000000,i1709,4690,4695,850,4690,2249,10,107782,GMT+8
ticks,1499346462919000000,i1709,4690,4695,843,4690,2226,20,107802,GMT+8
ticks,1499346463449000000,i1709,4690,4695,845,4690,2219,6,107808,GMT+8
ticks,1499346463797000000,i1709,4690,4695,840,4690,2210,26,107834,GMT+8
ticks,1499346464435000000,i1709,4695,4695,816,4690,2203,190,108024,GMT+8
ticks,1499346464909000000,i1709,4690,4695,820,4690,2142,132,108156,GMT+8
ticks,1499346465406000000,i1709,4690,4695,821,4690,2133,12,108168,GMT+8
ticks,1499346465960000000,i1709,4690,4695,918,4690,1463,2,108170,GMT+8
ticks,1499346466422000000,i1709,4690,4695,926,4690,1448,12,108182,GMT+8
ticks,1499346466952000000,i1709,4690,4695,949,4690,1413,0,108182,GMT+8
ticks,1499346467432000000,i1709,4690,4695,950,4690,765,1110,109292,GMT+8
ticks,1499346467877000000,i1709,4690,4690,941,4685,2302,1526,110818,GMT+8
ticks,1499346468385000000,i1709,4685,4690,1061,4685,2198,148,110966,GMT+8
ticks,1499346468962000000,i1709,4685,4690,1064,4685,2166,102,111068,GMT+8
ticks,1499346469436000000,i1709,4690,4690,1060,4685,2131,80,111148,GMT+8
ticks,1499346469811000000,i1709,4685,4690,1110,4685,2123,10,111158,GMT+8
ticks,1499346470419000000,i1709,4685,4690,1148,4685,2041,128,111286,GMT+8
ticks,1499346470965000000,i1709,4690,4690,1143,4685,2047,16,111302,GMT+8
ticks,1499346471413000000,i1709,4685,4690,1134,4685,2045,4,111306,GMT+8
ticks,1499346471964000000,i1709,4690,4690,584,4685,2217,6,111312,GMT+8
ticks,1499346472460000000,i1709,4685,4690,422,4685,2216,8,111320,GMT+8
ticks,1499346472927000000,i1709,4690,4695,1257,4690,221,828,112148,GMT+8
ticks,1499346473409000000,i1709,4690,4695,1252,4690,256,46,112194,GMT+8
ticks,1499346473963000000,i1709,4690,4695,1803,4690,294,4,112198,GMT+8
ticks,1499346474466000000,i1709,4690,4690,114,4685,2384,490,112688,GMT+8
ticks,1499346474963000000,i1709,4690,4695,1800,4690,15,624,113312,GMT+8
ticks,1499346475445000000,i1709,4690,4695,1864,4690,87,306,113618,GMT+8
ticks,1499346475894000000,i1709,4690,4695,1864,4690,187,592,114210,GMT+8
ticks,1499346476463000000,i1709,4690,4695,1804,4690,315,6,114216,GMT+8
ticks,1499346476967000000,i1709,4690,4695,1840,4690,302,34,114250,GMT+8
ticks,1499346477455000000,i1709,4690,4695,1841,4690,295,16,114266,GMT+8
ticks,1499346477954000000,i1709,4690,4695,1830,4690,280,32,114298,GMT+8
ticks,1499346478448000000,i1709,4690,4695,1834,4690,252,60,114358,GMT+8
ticks,1499346478903000000,i1709,4690,4695,1835,4690,190,146,114504,GMT+8
ticks,1499346479451000000,i1709,4690,4690,19,4685,2379,382,114886,GMT+8
ticks,1499346479927000000,i1709,4690,4690,199,4685,2302,0,114886,GMT+8
ticks,1499346480459000000,i1709,4685,4690,218,4685,2187,64,114950,GMT+8
ticks,1499346480967000000,i1709,4690,4690,173,4685,2188,154,115104,GMT+8
ticks,1499346481385000000,i1709,4690,4695,1927,4690,179,248,115352,GMT+8
ticks,1499346481905000000,i1709,4690,4695,1920,4690,178,14,115366,GMT+8
ticks,1499346482465000000,i1709,4690,4695,1960,4690,205,6,115372,GMT+8
ticks,1499346482953000000,i1709,4690,4695,1941,4690,311,44,115416,GMT+8
ticks,1499346483460000000,i1709,4690,4695,1914,4690,334,62,115478,GMT+8
ticks,1499346483965000000,i1709,4690,4695,1905,4690,365,40,115518,GMT+8
ticks,1499346484465000000,i1709,4690,4695,1890,4690,320,132,115650,GMT+8
ticks,1499346484922000000,i1709,4690,4695,1892,4690,514,16,115666,GMT+8
ticks,1499346485424000000,i1709,4690,4695,1878,4690,508,70,115736,GMT+8
ticks,1499346485872000000,i1709,4690,4695,1872,4690,514,16,115752,GMT+8
ticks,1499346486437000000,i1709,4690,4695,1867,4690,507,30,115782,GMT+8
ticks,1499346486949000000,i1709,4695,4695,1865,4690,512,16,115798,GMT+8
ticks,1499346487453000000,i1709,4690,4695,1871,4690,487,24,115822,GMT+8
ticks,1499346487948000000,i1709,4695,4695,1892,4690,489,12,115834,GMT+8
ticks,1499346488455000000,i1709,4690,4695,1893,4690,476,30,115864,GMT+8
ticks,1499346488901000000,i1709,4690,4695,1899,4690,472,10,115874,GMT+8
ticks,1499346489460000000,i1709,4690,4695,1910,4690,476,4,115878,GMT+8
ticks,1499346489962000000,i1709,4690,4695,1923,4690,479,16,115894,GMT+8
ticks,1499346490451000000,i1709,4690,4695,1924,4690,596,4,115898,GMT+8
ticks,1499346490938000000,i1709,4695,4695,1927,4690,593,12,115910,GMT+8
ticks,1499346491446000000,i1709,4690,4695,1927,4690,597,4,115914,GMT+8
ticks,1499346491955000000,i1709,4695,4695,1926,4690,606,8,115922,GMT+8
ticks,1499346492444000000,i1709,4690,4695,1926,4690,580,52,115974,GMT+8
ticks,1499346492963000000,i1709,4690,4695,1928,4690,581,4,115978,GMT+8
ticks,1499346493461000000,i1709,4690,4695,1873,4690,664,4,115982,GMT+8
ticks,1499346493950000000,i1709,4690,4695,1867,4690,918,18,116000,GMT+8
ticks,1499346494418000000,i1709,4695,4695,1865,4690,906,58,116058,GMT+8
ticks,1499346494965000000,i1709,4690,4695,1866,4690,904,16,116074,GMT+8
ticks,1499346495449000000,i1709,4690,4695,1870,4690,907,2,116076,GMT+8
ticks,1499346495890000000,i1709,4690,4695,1868,4690,908,0,116076,GMT+8
ticks,1499346496421000000,i1709,4690,4695,1869,4690,909,8,116084,GMT+8
ticks,1499346496924000000,i1709,4695,4695,1868,4690,920,6,116090,GMT+8
ticks,1499346497466000000,i1709,4690,4695,1871,4690,897,68,116158,GMT+8
ticks,1499346497897000000,i1709,4690,4695,1881,4690,896,2,116160,GMT+8
ticks,1499346498426000000,i1709,4690,4695,1883,4690,897,2,116162,GMT+8
ticks,1499346498959000000,i1709,4695,4695,1884,4690,901,2,116164,GMT+8
ticks,1499346499369000000,i1709,4690,4695,1883,4690,919,2,116166,GMT+8
ticks,1499346499954000000,i1709,4690,4695,1882,4690,916,12,116178,GMT+8
ticks,1499346500456000000,i1709,4690,4695,1883,4690,909,14,116192,GMT+8
ticks,1499346501422000000,i1709,4690,4695,1891,4690,230,1360,117552,GMT+8
ticks,1499346501935000000,i1709,4690,4695,1897,4690,118,28,117580,GMT+8
ticks,1499346502379000000,i1709,4690,4695,1905,4690,118,0,117580,GMT+8
ticks,1499346502967000000,i1709,4690,4695,1916,4690,79,82,117662,GMT+8
ticks,1499346503446000000,i1709,4690,4695,1918,4690,80,0,117662,GMT+8
ticks,1499346503953000000,i1709,4690,4695,1921,4690,900,78,117740,GMT+8
ticks,1499346504433000000,i1709,4690,4695,1924,4690,948,48,117788,GMT+8
ticks,1499346504951000000,i1709,4690,4695,1912,4690,858,214,118002,GMT+8
ticks,1499346505398000000,i1709,4690,4695,1930,4690,807,132,118134,GMT+8
ticks,1499346505951000000,i1709,4690,4695,2051,4690,796,22,118156,GMT+8
ticks,1499346506449000000,i1709,4690,4695,2060,4690,792,12,118168,GMT+8
ticks,1499346506965000000,i1709,4690,4695,2047,4690,789,28,118196,GMT+8
ticks,1499346507450000000,i1709,4690,4695,2077,4690,792,12,118208,GMT+8
ticks,1499346507855000000,i1709,4690,4695,2078,4690,787,10,118218,GMT+8
ticks,1499346508438000000,i1709,4695,4695,2078,4690,638,302,118520,GMT+8
ticks,1499346508945000000,i1709,4690,4695,2080,4690,656,10,118530,GMT+8
ticks,1499346509408000000,i1709,4690,4695,2080,4690,662,4,118534,GMT+8
ticks,1499346509935000000,i1709,4695,4695,2079,4690,561,210,118744,GMT+8
ticks,1499346510345000000,i1709,4690,4695,2111,4690,225,524,119268,GMT+8
ticks,1499346510967000000,i1709,4695,4695,1587,4690,220,24,119292,GMT+8
ticks,1499346511438000000,i1709,4690,4695,1513,4690,158,74,119366,GMT+8
ticks,1499346511956000000,i1709,4690,4695,1518,4690,145,224,119590,GMT+8
ticks,1499346512436000000,i1709,4690,4690,633,4685,2816,294,119884,GMT+8
ticks,1499346512908000000,i1709,4690,4690,645,4685,2769,20,119904,GMT+8
ticks,1499346513421000000,i1709,4690,4690,651,4685,2765,4,119908,GMT+8
ticks,1499346513874000000,i1709,4685,4690,703,4685,2742,14,119922,GMT+8
ticks,1499346514441000000,i1709,4690,4690,697,4685,2743,2,119924,GMT+8
ticks,1499346514928000000,i1709,4690,4690,696,4685,2673,102,120026,GMT+8
ticks,1499346515301000000,i1709,4690,4690,620,4685,2672,160,120186,GMT+8
ticks,1499346515826000000,i1709,4690,4695,1605,4690,529,1166,121352,GMT+8
ticks,1499346516468000000,i1709,4690,4695,1605,4690,536,42,121394,GMT+8
ticks,1499346516946000000,i1709,4690,4695,1605,4690,486,104,121498,GMT+8
ticks,1499346517457000000,i1709,4690,4695,1613,4690,478,8,121506,GMT+8
ticks,1499346517930000000,i1709,4695,4695,1619,4690,483,2,121508,GMT+8
ticks,1499346518422000000,i1709,4690,4695,1604,4690,509,6,121514,GMT+8
ticks,1499346518966000000,i1709,4695,4695,1610,4690,501,18,121532,GMT+8
ticks,1499346519464000000,i1709,4690,4695,1593,4690,493,16,121548,GMT+8
ticks,1499346519923000000,i1709,4690,4695,1593,4690,487,12,121560,GMT+8
ticks,1499346520384000000,i1709,4690,4695,1590,4690,491,0,121560,GMT+8
ticks,1499346520953000000,i1709,4690,4695,1586,4690,154,682,122242,GMT+8
ticks,1499346521418000000,i1709,4690,4690,382,4685,3033,258,122500,GMT+8
ticks,1499346521908000000,i1709,4690,4690,441,4685,3034,6,122506,GMT+8
ticks,1499346522467000000,i1709,4690,4690,308,4685,3034,86,122592,GMT+8
ticks,1499346522897000000,i1709,4690,4690,298,4685,3031,6,122598,GMT+8
ticks,1499346523303000000,i1709,4690,4690,308,4685,3031,0,122598,GMT+8
ticks,1499346523954000000,i1709,4690,4690,124,4685,3033,358,122956,GMT+8
ticks,1499346524465000000,i1709,4690,4695,1638,4690,225,184,123140,GMT+8
ticks,1499346524941000000,i1709,4695,4695,1636,4690,158,182,123322,GMT+8
ticks,1499346525420000000,i1709,4685,4690,555,4685,3078,344,123666,GMT+8
ticks,1499346525913000000,i1709,4690,4690,610,4685,3018,46,123712,GMT+8
ticks,1499346526449000000,i1709,4690,4690,622,4685,3014,6,123718,GMT+8
ticks,1499346526950000000,i1709,4690,4690,622,4685,3065,2,123720,GMT+8
ticks,1499346527465000000,i1709,4690,4690,621,4685,3064,2,123722,GMT+8
ticks,1499346527953000000,i1709,4685,4690,667,4685,3065,10,123732,GMT+8
ticks,1499346528466000000,i1709,4690,4690,692,4685,3066,34,123766,GMT+8
ticks,1499346528921000000,i1709,4690,4690,699,4685,3070,6,123772,GMT+8
ticks,1499346529459000000,i1709,4685,4690,902,4685,3064,10,123782,GMT+8
ticks,1499346529964000000,i1709,4685,4690,902,4685,3064,2,123784,GMT+8
ticks,1499346530457000000,i1709,4690,4690,962,4685,3065,2,123786,GMT+8
ticks,1499346530841000000,i1709,4690,4690,958,4685,3064,10,123796,GMT+8
ticks,1499346531435000000,i1709,4690,4690,953,4685,3092,14,123810,GMT+8
ticks,1499346531943000000,i1709,4685,4690,1059,4685,3082,6,123816,GMT+8
ticks,1499346532411000000,i1709,4690,4690,764,4685,3083,604,124420,GMT+8
ticks,1499346532954000000,i1709,4685,4690,705,4685,3027,260,124680,GMT+8
ticks,1499346533460000000,i1709,4685,4690,690,4685,3028,76,124756,GMT+8
ticks,1499346533927000000,i1709,4685,4690,696,4685,3029,2,124758,GMT+8
ticks,1499346534452000000,i1709,4690,4690,858,4685,3009,6,124764,GMT+8
ticks,1499346534943000000,i1709,4690,4690,957,4685,2999,22,124786,GMT+8
ticks,1499346535446000000,i1709,4690,4690,951,4685,3001,38,124824,GMT+8
ticks,1499346535961000000,i1709,4690,4690,961,4685,3002,0,124824,GMT+8
ticks,1499346536427000000,i1709,4685,4690,1005,4685,3001,4,124828,GMT+8
ticks,1499346536963000000,i1709,4690,4690,1020,4685,3004,2,124830,GMT+8
ticks,1499346537398000000,i1709,4685,4690,1021,4685,2998,12,124842,GMT+8
ticks,1499346537956000000,i1709,4685,4690,1030,4685,2998,0,124842,GMT+8
ticks,1499346538429000000,i1709,4685,4690,1036,4685,2995,10,124852,GMT+8
ticks,1499346538950000000,i1709,4685,4690,1049,4685,2995,4,124856,GMT+8
ticks,1499346539334000000,i1709,4685,4690,1049,4685,2994,2,124858,GMT+8
ticks,1499346539921000000,i1709,4685,4690,1065,4685,2984,24,124882,GMT+8
ticks,1499346540428000000,i1709,4685,4690,1066,4685,2963,46,124928,GMT+8
ticks,1499346540934000000,i1709,4685,4690,1062,4685,2963,14,124942,GMT+8
ticks,1499346541433000000,i1709,4685,4690,1062,4685,3018,20,124962,GMT+8
ticks,1499346541949000000,i1709,4685,4690,1096,4685,3024,4,124966,GMT+8
ticks,1499346542461000000,i1709,4685,4690,1203,4685,3023,4,124970,GMT+8
ticks,1499346542935000000,i1709,4685,4690,1238,4685,3020,10,124980,GMT+8
ticks,1499346543410000000,i1709,4685,4690,1230,4685,2965,130,125110,GMT+8
ticks,1499346543873000000,i1709,4685,4690,1235,4685,2965,8,125118,GMT+8
ticks,1499346544398000000,i1709,4685,4690,1297,4685,2964,0,125118,GMT+8
ticks,1499346544967000000,i1709,4685,4690,1307,4685,2963,2,125120,GMT+8
ticks,1499346545459000000,i1709,4685,4690,1327,4685,2963,2,125122,GMT+8
ticks,1499346545923000000,i1709,4690,4690,1216,4685,2962,236,125358,GMT+8
ticks,1499346546439000000,i1709,4690,4690,1217,4685,2962,0,125358,GMT+8
ticks,1499346546964000000,i1709,4685,4690,1216,4685,2960,6,125364,GMT+8
ticks,1499346547430000000,i1709,4685,4690,1221,4685,2958,4,125368,GMT+8
ticks,1499346547764000000,i1709,4685,4690,1275,4685,2955,8,125376,GMT+8
ticks,1499346548455000000,i1709,4685,4690,1299,4685,2946,22,125398,GMT+8
ticks,1499346548965000000,i1709,4690,4690,1302,4685,2943,2,125400,GMT+8
ticks,1499346549385000000,i1709,4685,4690,1302,4685,2941,6,125406,GMT+8
ticks,1499346549967000000,i1709,4685,4690,1303,4685,2941,0,125406,GMT+8
ticks,1499346550423000000,i1709,4690,4690,1302,4685,2944,2,125408,GMT+8
ticks,1499346550947000000,i1709,4690,4690,1311,4685,2943,6,125414,GMT+8
ticks,1499346551467000000,i1709,4690,4690,1302,4685,2894,120,125534,GMT+8
ticks,1499346551890000000,i1709,4685,4690,1298,4685,2849,98,125632,GMT+8
ticks,1499346552467000000,i1709,4685,4690,1301,4685,2845,10,125642,GMT+8
ticks,1499346552918000000,i1709,4690,4690,1300,4685,2845,2,125644,GMT+8
ticks,1499346553454000000,i1709,4685,4690,1301,4685,2818,110,125754,GMT+8
ticks,1499346553938000000,i1709,4690,4690,1312,4685,2868,106,125860,GMT+8
ticks,1499346554456000000,i1709,4685,4690,1291,4685,2857,22,125882,GMT+8
ticks,1499346554962000000,i1709,4685,4690,1291,4685,2856,6,125888,GMT+8
ticks,1499346555929000000,i1709,4690,4690,1287,4685,2856,4,125892,GMT+8
ticks,1499346556327000000,i1709,4690,4690,1278,4685,2857,28,125920,GMT+8
ticks,1499346556925000000,i1709,4690,4690,1249,4685,2857,0,125920,GMT+8
ticks,1499346557425000000,i1709,4685,4690,1160,4685,2862,212,126132,GMT+8
ticks,1499346557962000000,i1709,4685,4690,1163,4685,2863,0,126132,GMT+8
ticks,1499346558426000000,i1709,4690,4690,1161,4685,2864,2,126134,GMT+8
ticks,1499346558962000000,i1709,4685,4690,1156,4685,2817,52,126186,GMT+8
ticks,1499346559442000000,i1709,4685,4690,1159,4685,2813,10,126196,GMT+8
ticks,1499346559912000000,i1709,4685,4690,1159,4685,2807,22,126218,GMT+8
ticks,1499346560459000000,i1709,4685,4690,1158,4685,2798,28,126246,GMT+8
ticks,1499346560955000000,i1709,4685,4690,1277,4685,2794,514,126760,GMT+8
ticks,1499346561421000000,i1709,4690,4690,824,4685,2796,1010,127770,GMT+8
ticks,1499346561925000000,i1709,4690,4690,363,4685,2803,902,128672,GMT+8
ticks,1499346562441000000,i1709,4685,4690,250,4685,2800,252,128924,GMT+8
ticks,1499346562913000000,i1709,4690,4690,9,4685,2797,532,129456,GMT+8
ticks,1499346563448000000,i1709,4690,4695,1489,4690,250,38,129494,GMT+8
ticks,1499346563961000000,i1709,4695,4695,1493,4690,315,2,129496,GMT+8
ticks,1499346564446000000,i1709,4690,4695,1501,4690,302,52,129548,GMT+8
ticks,1499346564918000000,i1709,4690,4695,1509,4690,309,4,129552,GMT+8
ticks,1499346565451000000,i1709,4695,4695,1510,4690,330,14,129566,GMT+8
ticks,1499346565952000000,i1709,4690,4695,1510,4690,369,4,129570,GMT+8
ticks,1499346566398000000,i1709,4695,4695,1532,4690,326,104,129674,GMT+8
ticks,1499346566952000000,i1709,4690,4690,402,4685,2931,682,130356,GMT+8
ticks,1499346567362000000,i1709,4690,4695,1552,4690,9,830,131186,GMT+8
ticks,1499346567958000000,i1709,4690,4695,1524,4690,182,14,131200,GMT+8
ticks,1499346568407000000,i1709,4690,4695,1535,4690,289,6,131206,GMT+8
ticks,1499346568929000000,i1709,4690,4695,1633,4690,466,8,131214,GMT+8
ticks,1499346569440000000,i1709,4695,4695,1630,4690,523,10,131224,GMT+8
ticks,1499346569955000000,i1709,4690,4695,1623,4690,511,30,131254,GMT+8
ticks,1499346570468000000,i1709,4690,4695,1605,4690,509,6,131260,GMT+8
ticks,1499346570939000000,i1709,4695,4695,1605,4690,509,2,131262,GMT+8
ticks,1499346571363000000,i1709,4690,4695,1591,4690,523,2,131264,GMT+8
ticks,1499346571922000000,i1709,4690,4695,1506,4690,545,2,131266,GMT+8
ticks,1499346572437000000,i1709,4690,4695,1506,4690,578,8,131274,GMT+8
ticks,1499346572966000000,i1709,4690,4695,1487,4690,603,6,131280,GMT+8
ticks,1499346573362000000,i1709,4690,4695,1505,4690,636,20,131300,GMT+8
ticks,1499346573967000000,i1709,4690,4695,1502,4690,633,16,131316,GMT+8
ticks,1499346574441000000,i1709,4690,4695,1502,4690,653,10,131326,GMT+8
ticks,1499346574936000000,i1709,4695,4695,1502,4690,656,2,131328,GMT+8
ticks,1499346575444000000,i1709,4695,4695,1495,4690,662,8,131336,GMT+8
ticks,1499346575815000000,i1709,4695,4695,1496,4690,665,0,131336,GMT+8
ticks,1499346576438000000,i1709,4695,4695,1496,4690,678,0,131336,GMT+8
ticks,1499346576943000000,i1709,4690,4695,1497,4690,652,2,131338,GMT+8
ticks,1499346577452000000,i1709,4690,4695,1497,4690,658,0,131338,GMT+8
ticks,1499346577935000000,i1709,4690,4695,1500,4690,656,2,131340,GMT+8
ticks,1499346578417000000,i1709,4690,4695,1501,4690,653,8,131348,GMT+8
ticks,1499346578879000000,i1709,4690,4695,1501,4690,866,6,131354,GMT+8
ticks,1499346579468000000,i1709,4690,4695,1502,4690,824,106,131460,GMT+8
ticks,1499346579848000000,i1709,4690,4695,1552,4690,823,0,131460,GMT+8
ticks,1499346580450000000,i1709,4690,4695,1557,4690,797,52,131512,GMT+8
ticks,1499346580931000000,i1709,4690,4695,1556,4690,806,6,131518,GMT+8
ticks,1499346581454000000,i1709,4690,4695,1554,4690,808,2,131520,GMT+8
ticks,1499346581872000000,i1709,4690,4695,1554,4690,808,80,131600,GMT+8
ticks,1499346582428000000,i1709,4690,4695,1554,4690,809,6,131606,GMT+8
ticks,1499346582902000000,i1709,4690,4695,1554,4690,818,0,131606,GMT+8
ticks,1499346583437000000,i1709,4690,4695,1554,4690,808,0,131606,GMT+8
ticks,1499346583928000000,i1709,4690,4695,1553,4690,750,2,131608,GMT+8
ticks,1499346584431000000,i1709,4690,4695,1553,4690,753,0,131608,GMT+8
ticks,1499346584948000000,i1709,4690,4695,1553,4690,763,2,131610,GMT+8
ticks,1499346585453000000,i1709,4695,4695,1551,4690,764,4,131614,GMT+8
ticks,1499346585908000000,i1709,4695,4695,1550,4690,767,16,131630,GMT+8
ticks,1499346586454000000,i1709,4695,4695,1551,4690,770,0,131630,GMT+8
ticks,1499346586922000000,i1709,4695,4695,1551,4690,769,0,131630,GMT+8
ticks,1499346587456000000,i1709,4690,4695,1550,4690,774,2,131632,GMT+8
ticks,1499346587926000000,i1709,4695,4695,1544,4690,778,10,131642,GMT+8
ticks,1499346588462000000,i1709,4695,4695,1546,4690,776,34,131676,GMT+8
ticks,1499346588954000000,i1709,4695,4695,1546,4690,737,0,131676,GMT+8
ticks,1499346589306000000,i1709,4695,4695,1552,4690,737,0,131676,GMT+8
ticks,1499346589888000000,i1709,4690,4695,1555,4690,721,46,131722,GMT+8
ticks,1499346590459000000,i1709,4690,4695,1555,4690,617,234,131956,GMT+8
ticks,1499346590929000000,i1709,4695,4695,1570,4690,617,4,131960,GMT+8
ticks,1499346591325000000,i1709,4695,4695,1568,4690,612,0,131960,GMT+8
ticks,1499346591918000000,i1709,4695,4695,1566,4690,615,4,131964,GMT+8
ticks,1499346592383000000,i1709,4690,4695,1644,4690,613,4,131968,GMT+8
ticks,1499346592953000000,i1709,4695,4695,1646,4690,614,8,131976,GMT+8
ticks,1499346593446000000,i1709,4695,4695,1646,4690,612,0,131976,GMT+8
ticks,1499346593968000000,i1709,4695,4695,1643,4690,615,6,131982,GMT+8
ticks,1499346594318000000,i1709,4690,4695,1649,4690,634,2,131984,GMT+8
ticks,1499346594917000000,i1709,4695,4695,1648,4690,635,2,131986,GMT+8
ticks,1499346595325000000,i1709,4695,4695,1652,4690,635,0,131986,GMT+8
ticks,1499346595959000000,i1709,4690,4695,1657,4690,630,14,132000,GMT+8
ticks,1499346596467000000,i1709,4695,4695,1654,4690,625,20,132020,GMT+8
ticks,1499346596915000000,i1709,4695,4695,1657,4690,627,4,132024,GMT+8
ticks,1499346597466000000,i1709,4695,4695,1657,4690,631,0,132024,GMT+8
ticks,1499346597925000000,i1709,4690,4695,1655,4690,626,18,132042,GMT+8
ticks,1499346598464000000,i1709,4690,4695,1665,4690,615,22,132064,GMT+8
ticks,1499346598951000000,i1709,4695,4695,1670,4690,622,2,132066,GMT+8
ticks,1499346599359000000,i1709,4695,4695,1662,4690,637,16,132082,GMT+8
ticks,1499346599954000000,i1709,4695,4695,1658,4690,637,8,132090,GMT+8
ticks,1499346600433000000,i1709,4695,4695,1660,4690,638,0,132090,GMT+8
ticks,1499346600893000000,i1709,4695,4695,1658,4690,639,6,132096,GMT+8
ticks,1499346601461000000,i1709,4695,4695,1543,4690,756,258,132354,GMT+8
ticks,1499346601939000000,i1709,4695,4695,1533,4690,765,22,132376,GMT+8
ticks,1499346602458000000,i1709,4695,4695,1535,4690,781,12,132388,GMT+8
ticks,1499346602965000000,i1709,4690,4695,1535,4690,783,2,132390,GMT+8
ticks,1499346603421000000,i1709,4690,4695,1536,4690,783,0,132390,GMT+8
ticks,1499346603837000000,i1709,4695,4695,1534,4690,785,2,132392,GMT+8
ticks,1499346604355000000,i1709,4695,4695,1533,4690,793,2,132394,GMT+8
ticks,1499346604887000000,i1709,4690,4695,1533,4690,795,2,132396,GMT+8
ticks,1499346605424000000,i1709,4695,4695,1532,4690,800,2,132398,GMT+8
ticks,1499346605918000000,i1709,4695,4695,1533,4690,805,0,132398,GMT+8
ticks,1499346606454000000,i1709,4695,4695,1531,4690,805,0,132398,GMT+8
ticks,1499346606937000000,i1709,4695,4695,1473,4690,830,24,132422,GMT+8
ticks,1499346607331000000,i1709,4695,4695,1626,4690,830,10,132432,GMT+8
ticks,1499346607939000000,i1709,4695,4695,1515,4690,830,22,132454,GMT+8
ticks,1499346608432000000,i1709,4695,4695,1504,4690,831,22,132476,GMT+8
ticks,1499346608859000000,i1709,4695,4695,1504,4690,833,0,132476,GMT+8
ticks,1499346609412000000,i1709,4690,4695,1501,4690,832,10,132486,GMT+8
ticks,1499346609951000000,i1709,4695,4695,1499,4690,840,4,132490,GMT+8
ticks,1499346610351000000,i1709,4690,4695,1499,4690,852,6,132496,GMT+8
ticks,1499346610834000000,i1709,4695,4695,1499,4690,859,2,132498,GMT+8
ticks,1499346611454000000,i1709,4695,4695,1499,4690,867,6,132504,GMT+8
ticks,1499346611959000000,i1709,4695,4695,1498,4690,899,2,132506,GMT+8
ticks,1499346612469000000,i1709,4695,4695,1497,4690,1047,4,132510,GMT+8
ticks,1499346612730000000,i1709,4695,4695,1513,4690,1047,8,132518,GMT+8
ticks,1499346613444000000,i1709,4695,4695,1512,4690,1052,2,132520,GMT+8
ticks,1499346613616000000,i1709,4690,4695,1512,4690,1049,6,132526,GMT+8
ticks,1499346614392000000,i1709,4695,4695,1510,4690,1049,10,132536,GMT+8
ticks,1499346614958000000,i1709,4690,4695,1584,4690,1050,10,132546,GMT+8
ticks,1499346615313000000,i1709,4695,4695,1583,4690,1052,2,132548,GMT+8
ticks,1499346615960000000,i1709,4690,4695,1581,4690,1000,110,132658,GMT+8
ticks,1499346616459000000,i1709,4690,4695,1578,4690,996,12,132670,GMT+8
ticks,1499346616944000000,i1709,4695,4695,1566,4690,997,8,132678,GMT+8
ticks,1499346617467000000,i1709,4690,4695,1564,4690,987,4,132682,GMT+8
ticks,1499346617876000000,i1709,4690,4695,1560,4690,1083,10,132692,GMT+8
ticks,1499346618384000000,i1709,4695,4695,1558,4690,1083,4,132696,GMT+8
ticks,1499346618961000000,i1709,4695,4695,1458,4690,1285,200,132896,GMT+8
ticks,1499346619424000000,i1709,4695,4695,1446,4690,1291,20,132916,GMT+8
ticks,1499346619926000000,i1709,4695,4695,1445,4690,1290,8,132924,GMT+8
ticks,1499346620417000000,i1709,4695,4695,1435,4690,1288,22,132946,GMT+8
ticks,1499346620966000000,i1709,4695,4695,1432,4690,1290,0,132946,GMT+8
ticks,1499346621454000000,i1709,4695,4695,1430,4690,1345,6,132952,GMT+8
ticks,1499346621962000000,i1709,4695,4695,1426,4690,1348,10,132962,GMT+8
ticks,1499346622421000000,i1709,4695,4695,1428,4690,1364,2,132964,GMT+8
ticks,1499346622938000000,i1709,4690,4695,1437,4690,1363,8,132972,GMT+8
ticks,1499346623462000000,i1709,4690,4695,1447,4690,1364,4,132976,GMT+8
ticks,1499346623939000000,i1709,4690,4695,1446,4690,1362,12,132988,GMT+8
ticks,1499346624435000000,i1709,4690,4695,1446,4690,1357,10,132998,GMT+8
ticks,1499346624947000000,i1709,4695,4695,1443,4690,1358,6,133004,GMT+8
ticks,1499346625457000000,i1709,4695,4695,1437,4690,1370,12,133016,GMT+8
ticks,1499346625957000000,i1709,4695,4695,1449,4690,1392,2,133018,GMT+8
ticks,1499346626451000000,i1709,4695,4695,1443,4690,1396,16,133034,GMT+8
ticks,1499346626900000000,i1709,4695,4695,1440,4690,1399,6,133040,GMT+8
ticks,1499346627462000000,i1709,4690,4695,1442,4690,1399,10,133050,GMT+8
ticks,1499346627881000000,i1709,4695,4695,1437,4690,1400,10,133060,GMT+8
ticks,1499346628411000000,i1709,4690,4695,1438,4690,1398,4,133064,GMT+8
ticks,1499346628704000000,i1709,4690,4695,1456,4690,1395,12,133076,GMT+8
ticks,1499346629456000000,i1709,4690,4695,1426,4690,1375,98,133174,GMT+8
ticks,1499346629733000000,i1709,4695,4695,1404,4690,1375,42,133216,GMT+8
ticks,1499346630354000000,i1709,4695,4695,1402,4690,1378,4,133220,GMT+8
ticks,1499346630955000000,i1709,4690,4695,1563,4690,1377,2,133222,GMT+8
ticks,1499346631096000000,i1709,4690,4695,1563,4690,1376,0,133222,GMT+8
ticks,1499346631918000000,i1709,4690,4695,1562,4690,1370,18,133240,GMT+8
ticks,1499346632458000000,i1709,4690,4695,1563,4690,1373,6,133246,GMT+8
ticks,1499346632968000000,i1709,4695,4695,1566,4690,1373,4,133250,GMT+8
ticks,1499346633419000000,i1709,4695,4695,1566,4690,1384,0,133250,GMT+8
ticks,1499346633906000000,i1709,4695,4695,1566,4690,1385,0,133250,GMT+8
ticks,1499346634372000000,i1709,4695,4695,1565,4690,1388,12,133262,GMT+8
ticks,1499346634864000000,i1709,4690,4695,1565,4690,1383,8,133270,GMT+8
ticks,1499346635391000000,i1709,4690,4695,1565,4690,1142,4,133274,GMT+8
ticks,1499346635918000000,i1709,4695,4695,1559,4690,1143,2,133276,GMT+8
ticks,1499346636961000000,i1709,4695,4695,1559,4690,1148,0,133276,GMT+8
ticks,1499346637383000000,i1709,4690,4695,1569,4690,1160,2,133278,GMT+8
ticks,1499346637921000000,i1709,4690,4695,1569,4690,1162,0,133278,GMT+8
ticks,1499346638424000000,i1709,4690,4695,1566,4690,1163,8,133286,GMT+8
ticks,1499346638927000000,i1709,4695,4695,1565,4690,1163,4,133290,GMT+8
ticks,1499346639461000000,i1709,4695,4695,1563,4690,1163,6,133296,GMT+8
ticks,1499346639935000000,i1709,4695,4695,1559,4690,1162,8,133304,GMT+8
ticks,1499346640434000000,i1709,4695,4695,1566,4690,1151,0,133304,GMT+8
ticks,1499346640737000000,i1709,4695,4695,1565,4690,1150,4,133308,GMT+8
ticks,1499346641404000000,i1709,4695,4695,1576,4690,1152,0,133308,GMT+8
ticks,1499346641842000000,i1709,4695,4695,1577,4690,1151,0,133308,GMT+8
ticks,1499346642433000000,i1709,4695,4695,1576,4690,1154,20,133328,GMT+8
ticks,1499346642954000000,i1709,4690,4695,1576,4690,1153,2,133330,GMT+8
ticks,1499346643356000000,i1709,4690,4695,1576,4690,1154,2,133332,GMT+8
ticks,1499346643718000000,i1709,4690,4695,1576,4690,1156,2,133334,GMT+8
ticks,1499346644458000000,i1709,4690,4695,1596,4690,1156,0,133334,GMT+8
ticks,1499346644928000000,i1709,4695,4695,1605,4690,1156,2,133336,GMT+8
ticks,1499346645332000000,i1709,4695,4695,1602,4690,1281,4,133340,GMT+8
ticks,1499346645942000000,i1709,4690,4695,1603,4690,1264,32,133372,GMT+8
ticks,1499346646116000000,i1709,4690,4695,1603,4690,1265,0,133372,GMT+8
ticks,1499346646893000000,i1709,4690,4695,1579,4690,1268,52,133424,GMT+8
ticks,1499346647442000000,i1709,4690,4695,1581,4690,1269,0,133424,GMT+8
ticks,1499346647922000000,i1709,4690,4695,1580,4690,1266,4,133428,GMT+8
ticks,1499346648411000000,i1709,4690,4695,1580,4690,1308,0,133428,GMT+8
ticks,1499346648961000000,i1709,4695,4695,1580,4690,1308,2,133430,GMT+8
ticks,1499346649392000000,i1709,4695,4695,1581,4690,1308,0,133430,GMT+8
ticks,1499346649906000000,i1709,4695,4695,1579,4690,1323,14,133444,GMT+8
ticks,1499346650425000000,i1709,4690,4695,1578,4690,1322,2,133446,GMT+8
ticks,1499346650958000000,i1709,4690,4695,1577,4690,1322,4,133450,GMT+8
ticks,1499346651468000000,i1709,4695,4695,1622,4690,1324,8,133458,GMT+8
ticks,1499346651926000000,i1709,4695,4695,1622,4690,1324,0,133458,GMT+8
ticks,1499346652094000000,i1709,4695,4695,1623,4690,1324,0,133458,GMT+8
ticks,1499346652890000000,i1709,4695,4695,1624,4690,1326,0,133458,GMT+8
ticks,1499346653385000000,i1709,4695,4695,1620,4690,1327,10,133468,GMT+8
ticks,1499346653843000000,i1709,4690,4695,1470,4690,1326,4,133472,GMT+8
ticks,1499346654433000000,i1709,4695,4695,1465,4690,1348,10,133482,GMT+8
ticks,1499346654927000000,i1709,4695,4695,1466,4690,1348,0,133482,GMT+8
ticks,1499346655442000000,i1709,4695,4695,1466,4690,1421,0,133482,GMT+8
ticks,1499346655907000000,i1709,4690,4695,1465,4690,1420,4,133486,GMT+8
ticks,1499346656359000000,i1709,4690,4695,1485,4690,1422,4,133490,GMT+8
ticks,1499346656904000000,i1709,4690,4695,1485,4690,1421,2,133492,GMT+8
ticks,1499346657464000000,i1709,4690,4695,1485,4690,1418,4,133496,GMT+8
ticks,1499346657881000000,i1709,4690,4695,1484,4690,1418,0,133496,GMT+8
ticks,1499346658400000000,i1709,4695,4695,1483,4690,1418,2,133498,GMT+8
ticks,1499346658917000000,i1709,4690,4695,1483,4690,1414,2,133500,GMT+8
ticks,1499346659450000000,i1709,4690,4695,1483,4690,1416,0,133500,GMT+8
ticks,1499346659958000000,i1709,4695,4695,1483,4690,1423,2,133502,GMT+8
ticks,1499346660458000000,i1709,4690,4695,1483,4690,1455,8,133510,GMT+8
ticks,1499346660940000000,i1709,4695,4695,1481,4690,1446,20,133530,GMT+8
ticks,1499346661468000000,i1709,4690,4695,1481,4690,1444,4,133534,GMT+8
ticks,1499346661877000000,i1709,4695,4695,1479,4690,1444,4,133538,GMT+8
ticks,1499346662407000000,i1709,4690,4695,1511,4690,1438,34,133572,GMT+8
ticks,1499346662814000000,i1709,4695,4695,1510,4690,1448,2,133574,GMT+8
ticks,1499346663452000000,i1709,4695,4695,1510,4690,1447,0,133574,GMT+8
ticks,1499346663901000000,i1709,4695,4695,709,4690,1460,1602,135176,GMT+8
ticks,1499346664463000000,i1709,4695,4695,721,4690,1461,176,135352,GMT+8
ticks,1499346664939000000,i1709,4695,4695,695,4690,1457,52,135404,GMT+8
ticks,1499346665359000000,i1709,4695,4695,684,4690,1454,20,135424,GMT+8
ticks,1499346665916000000,i1709,4695,4695,574,4690,1497,224,135648,GMT+8
ticks,1499346666462000000,i1709,4695,4700,3903,4695,205,1148,136796,GMT+8
ticks,1499346666924000000,i1709,4695,4700,3903,4695,249,12,136808,GMT+8
ticks,1499346667466000000,i1709,4700,4700,3876,4695,229,90,136898,GMT+8
ticks,1499346667948000000,i1709,4695,4695,106,4690,1547,494,137392,GMT+8
ticks,1499346668462000000,i1709,4695,4695,317,4690,1549,18,137410,GMT+8
ticks,1499346668942000000,i1709,4695,4695,365,4690,1551,4,137414,GMT+8
ticks,1499346669469000000,i1709,4695,4695,396,4690,1551,2,137416,GMT+8
ticks,1499346669857000000,i1709,4695,4695,374,4690,1552,4,137420,GMT+8
ticks,1499346670331000000,i1709,4695,4695,354,4690,1552,36,137456,GMT+8
ticks,1499346670968000000,i1709,4695,4695,316,4690,1552,4,137460,GMT+8
ticks,1499346671455000000,i1709,4695,4695,297,4690,1552,38,137498,GMT+8
ticks,1499346671887000000,i1709,4695,4695,148,4690,1552,280,137778,GMT+8
ticks,1499346672386000000,i1709,4695,4695,90,4690,1555,546,138324,GMT+8
ticks,1499346672957000000,i1709,4695,4695,251,4690,1557,32,138356,GMT+8
ticks,1499346673336000000,i1709,4695,4695,331,4690,1565,34,138390,GMT+8
ticks,1499346673961000000,i1709,4695,4695,311,4690,1566,104,138494,GMT+8
ticks,1499346674364000000,i1709,4695,4695,299,4690,1567,0,138494,GMT+8
ticks,1499346674948000000,i1709,4695,4695,283,4690,1564,32,138526,GMT+8
ticks,1499346675444000000,i1709,4695,4695,283,4690,1565,2,138528,GMT+8
ticks,1499346675916000000,i1709,4690,4695,272,4690,1564,26,138554,GMT+8
ticks,1499346676448000000,i1709,4695,4695,268,4690,1544,50,138604,GMT+8
ticks,1499346676928000000,i1709,4695,4695,118,4690,1547,310,138914,GMT+8
ticks,1499346677358000000,i1709,4695,4695,110,4690,1558,16,138930,GMT+8
ticks,1499346677954000000,i1709,4695,4695,73,4690,1564,54,138984,GMT+8
ticks,1499346678445000000,i1709,4695,4695,65,4690,1578,44,139028,GMT+8
ticks,1499346678938000000,i1709,4700,4700,3407,4695,238,136,139164,GMT+8
ticks,1499346679398000000,i1709,4700,4700,3327,4695,255,10,139174,GMT+8
ticks,1499346679968000000,i1709,4695,4700,3327,4695,285,2,139176,GMT+8
ticks,1499346680934000000,i1709,4695,4700,3328,4695,362,0,139176,GMT+8
ticks,1499346681374000000,i1709,4700,4700,3327,4695,415,2,139178,GMT+8
ticks,1499346681905000000,i1709,4695,4700,3377,4695,413,2,139180,GMT+8
ticks,1499346682454000000,i1709,4700,4700,3378,4695,414,2,139182,GMT+8
ticks,1499346682889000000,i1709,4700,4700,3381,4695,421,4,139186,GMT+8
ticks,1499346683459000000,i1709,4700,4700,3378,4695,536,6,139192,GMT+8
ticks,1499346683914000000,i1709,4700,4700,3380,4695,546,0,139192,GMT+8
ticks,1499346684396000000,i1709,4695,4700,3377,4695,549,2,139194,GMT+8
ticks,1499346684880000000,i1709,4695,4700,3376,4695,550,0,139194,GMT+8
ticks,1499346685402000000,i1709,4700,4700,3336,4695,549,4,139198,GMT+8
ticks,1499346685926000000,i1709,4695,4700,3342,4695,529,38,139236,GMT+8
ticks,1499346686388000000,i1709,4700,4700,3341,4695,523,14,139250,GMT+8
ticks,1499346686937000000,i1709,4695,4700,3335,4695,622,14,139264,GMT+8
ticks,1499346687470000000,i1709,4700,4700,3331,4695,675,6,139270,GMT+8
ticks,1499346687829000000,i1709,4700,4700,3331,4695,711,0,139270,GMT+8
ticks,1499346688397000000,i1709,4700,4700,3353,4695,716,2,139272,GMT+8
ticks,1499346688925000000,i1709,4700,4700,3334,4695,715,38,139310,GMT+8
ticks,1499346689445000000,i1709,4700,4700,3334,4695,717,0,139310,GMT+8
ticks,1499346689933000000,i1709,4700,4700,3333,4695,703,52,139362,GMT+8
ticks,1499346690456000000,i1709,4700,4700,3333,4695,705,0,139362,GMT+8
ticks,1499346690818000000,i1709,4695,4700,3326,4695,706,16,139378,GMT+8
ticks,1499346691449000000,i1709,4700,4700,3324,4695,709,4,139382,GMT+8
ticks,1499346691933000000,i1709,4695,4700,3322,4695,710,6,139388,GMT+8
ticks,1499346692427000000,i1709,4695,4700,3321,4695,709,2,139390,GMT+8
ticks,1499346692944000000,i1709,4695,4700,3310,4695,706,40,139430,GMT+8
ticks,1499346693461000000,i1709,4695,4700,3308,4695,711,0,139430,GMT+8
ticks,1499346693952000000,i1709,4695,4700,3308,4695,710,2,139432,GMT+8
ticks,1499346694449000000,i1709,4695,4700,3308,4695,720,0,139432,GMT+8
ticks,1499346694830000000,i1709,4700,4700,3306,4695,724,4,139436,GMT+8
ticks,1499346695459000000,i1709,4700,4700,3303,4695,723,8,139444,GMT+8
ticks,1499346695968000000,i1709,4695,4700,3302,4695,727,4,139448,GMT+8
ticks,1499346696350000000,i1709,4700,4700,3102,4695,828,400,139848,GMT+8
ticks,1499346696855000000,i1709,4700,4700,3100,4695,834,4,139852,GMT+8
ticks,1499346697429000000,i1709,4700,4700,3098,4695,835,2,139854,GMT+8
ticks,1499346697821000000,i1709,4700,4700,3102,4695,835,2,139856,GMT+8
ticks,1499346698469000000,i1709,4695,4700,3095,4695,914,16,139872,GMT+8
ticks,1499346698961000000,i1709,4695,4700,3094,4695,912,6,139878,GMT+8
ticks,1499346700447000000,i1709,4700,4700,3086,4695,1011,46,139924,GMT+8
ticks,1499346700961000000,i1709,4700,4700,3085,4695,1013,2,139926,GMT+8
ticks,1499346701418000000,i1709,4700,4700,3086,4695,1027,2,139928,GMT+8
ticks,1499346701945000000,i1709,4700,4700,3094,4695,1038,0,139928,GMT+8
ticks,1499346702437000000,i1709,4700,4700,3088,4695,1044,0,139928,GMT+8
ticks,1499346702845000000,i1709,4695,4700,3089,4695,1044,2,139930,GMT+8
ticks,1499346703382000000,i1709,4700,4700,3087,4695,1045,4,139934,GMT+8
ticks,1499346703896000000,i1709,4700,4700,3088,4695,1042,12,139946,GMT+8
