name,time,symbol,last,ask_price,ask_size,bid_price,bid_size,volume,total_volume,timezone
ticks,1499259600000000000,i1709,4650,4655,254,4650,332,8356,8356,GMT+8
ticks,1499259600406000000,i1709,4655,4655,257,4650,114,3180,11536,GMT+8
ticks,1499259600906000000,i1709,4650,4650,168,4645,153,9562,21098,GMT+8
ticks,1499259601406000000,i1709,4640,4645,5,4640,2,2500,23598,GMT+8
ticks,1499259601900000000,i1709,4650,4660,287,4650,579,2464,26062,GMT+8
ticks,1499259602397000000,i1709,4650,4655,60,4650,371,888,26950,GMT+8
ticks,1499259602893000000,i1709,4650,4655,91,4650,468,140,27090,GMT+8
ticks,1499259603405000000,i1709,4655,4655,230,4650,395,218,27308,GMT+8
ticks,1499259603868000000,i1709,4660,4660,285,4655,51,564,27872,GMT+8
ticks,1499259604406000000,i1709,4660,4660,136,4655,194,414,28286,GMT+8
ticks,1499259604904000000,i1709,4660,4660,27,4655,462,388,28674,GMT+8
ticks,1499259605398000000,i1709,4655,4665,691,4655,287,840,29514,GMT+8
ticks,1499259605887000000,i1709,4655,4660,1,4655,338,320,29834,GMT+8
ticks,1499259606405000000,i1709,4660,4660,96,4655,416,214,30048,GMT+8
ticks,1499259606902000000,i1709,4660,4665,707,4660,2,658,30706,GMT+8
ticks,1499259607399000000,i1709,4655,4655,318,4650,644,1330,32036,GMT+8
ticks,1499259607850000000,i1709,4655,4655,392,4650,649,156,32192,GMT+8
ticks,1499259608402000000,i1709,4660,4665,809,4660,5,1040,33232,GMT+8
ticks,1499259608906000000,i1709,4660,4660,150,4655,66,456,33688,GMT+8
ticks,1499259609405000000,i1709,4665,4665,37,4655,106,2278,35966,GMT+8
ticks,1499259609880000000,i1709,4665,4665,67,4660,68,72,36038,GMT+8
ticks,1499259610393000000,i1709,4660,4665,117,4660,163,106,36144,GMT+8
ticks,1499259610906000000,i1709,4665,4670,476,4665,76,578,36722,GMT+8
ticks,1499259611403000000,i1709,4665,4665,88,4660,507,302,37024,GMT+8
ticks,1499259611881000000,i1709,4665,4670,431,4665,262,268,37292,GMT+8
ticks,1499259612397000000,i1709,4665,4670,419,4665,382,100,37392,GMT+8
ticks,1499259612894000000,i1709,4665,4670,529,4665,462,146,37538,GMT+8
ticks,1499259613404000000,i1709,4670,4670,543,4665,547,70,37608,GMT+8
ticks,1499259613895000000,i1709,4670,4670,510,4665,568,82,37690,GMT+8
ticks,1499259614391000000,i1709,4670,4670,417,4665,394,586,38276,GMT+8
ticks,1499259614886000000,i1709,4670,4670,343,4665,376,240,38516,GMT+8
ticks,1499259615403000000,i1709,4670,4670,330,4665,345,176,38692,GMT+8
ticks,1499259615904000000,i1709,4670,4670,368,4665,334,58,38750,GMT+8
ticks,1499259616400000000,i1709,4670,4670,262,4665,409,220,38970,GMT+8
ticks,1499259616905000000,i1709,4665,4670,313,4665,385,98,39068,GMT+8
ticks,1499259617406000000,i1709,4670,4670,281,4665,410,34,39102,GMT+8
ticks,1499259617906000000,i1709,4670,4670,8,4665,413,616,39718,GMT+8
ticks,1499259618402000000,i1709,4670,4675,703,4670,51,152,39870,GMT+8
ticks,1499259618904000000,i1709,4670,4675,717,4670,76,102,39972,GMT+8
ticks,1499259619397000000,i1709,4670,4675,825,4670,123,64,40036,GMT+8
ticks,1499259619898000000,i1709,4670,4675,809,4670,149,84,40120,GMT+8
ticks,1499259620399000000,i1709,4670,4670,762,4665,340,612,40732,GMT+8
ticks,1499259620902000000,i1709,4670,4670,808,4665,458,84,40816,GMT+8
ticks,1499259621393000000,i1709,4670,4670,1096,4665,459,30,40846,GMT+8
ticks,1499259621903000000,i1709,4670,4670,1441,4665,358,74,40920,GMT+8
ticks,1499259622389000000,i1709,4665,4670,1304,4665,363,50,40970,GMT+8
ticks,1499259622884000000,i1709,4670,4670,1298,4665,321,100,41070,GMT+8
ticks,1499259623403000000,i1709,4670,4670,1268,4665,114,460,41530,GMT+8
ticks,1499259623907000000,i1709,4665,4665,151,4660,961,436,41966,GMT+8
ticks,1499259624407000000,i1709,4665,4665,278,4660,937,274,42240,GMT+8
ticks,1499259624860000000,i1709,4665,4665,191,4660,947,372,42612,GMT+8
ticks,1499259625401000000,i1709,4665,4665,145,4660,783,338,42950,GMT+8
ticks,1499259625898000000,i1709,4660,4665,132,4660,701,260,43210,GMT+8
ticks,1499259626396000000,i1709,4665,4665,164,4660,699,44,43254,GMT+8
ticks,1499259626905000000,i1709,4665,4665,292,4660,529,416,43670,GMT+8
ticks,1499259627379000000,i1709,4665,4665,210,4660,554,278,43948,GMT+8
ticks,1499259627883000000,i1709,4665,4665,79,4660,626,170,44118,GMT+8
ticks,1499259628376000000,i1709,4665,4665,74,4660,624,48,44166,GMT+8
ticks,1499259628879000000,i1709,4665,4665,63,4660,625,56,44222,GMT+8
ticks,1499259629356000000,i1709,4660,4665,229,4660,628,38,44260,GMT+8
ticks,1499259629860000000,i1709,4665,4670,1463,4665,138,596,44856,GMT+8
ticks,1499259630401000000,i1709,4665,4665,145,4660,590,560,45416,GMT+8
ticks,1499259630892000000,i1709,4660,4665,82,4660,640,220,45636,GMT+8
ticks,1499259631404000000,i1709,4665,4665,156,4660,639,196,45832,GMT+8
ticks,1499259631903000000,i1709,4665,4665,22,4660,638,832,46664,GMT+8
ticks,1499259632406000000,i1709,4665,4670,1169,4665,71,62,46726,GMT+8
ticks,1499259632884000000,i1709,4670,4670,1067,4665,24,624,47350,GMT+8
ticks,1499259633394000000,i1709,4665,4670,1062,4665,60,168,47518,GMT+8
ticks,1499259633900000000,i1709,4665,4670,1068,4665,147,18,47536,GMT+8
ticks,1499259634388000000,i1709,4665,4670,1066,4665,177,46,47582,GMT+8
ticks,1499259634903000000,i1709,4665,4665,283,4660,595,734,48316,GMT+8
ticks,1499259635402000000,i1709,4665,4670,1043,4665,55,670,48986,GMT+8
ticks,1499259635903000000,i1709,4665,4670,1041,4665,261,182,49168,GMT+8
ticks,1499259636350000000,i1709,4665,4670,1029,4665,286,30,49198,GMT+8
ticks,1499259636896000000,i1709,4670,4670,1041,4665,353,290,49488,GMT+8
ticks,1499259637404000000,i1709,4665,4670,1041,4665,259,240,49728,GMT+8
ticks,1499259637902000000,i1709,4665,4670,1038,4665,370,34,49762,GMT+8
ticks,1499259638375000000,i1709,4665,4670,1022,4665,528,140,49902,GMT+8
ticks,1499259638867000000,i1709,4665,4670,1064,4665,710,52,49954,GMT+8
ticks,1499259639399000000,i1709,4665,4670,963,4665,748,276,50230,GMT+8
ticks,1499259639906000000,i1709,4670,4670,887,4665,416,816,51046,GMT+8
ticks,1499259640391000000,i1709,4670,4670,873,4665,444,10,51056,GMT+8
ticks,1499259640907000000,i1709,4670,4675,701,4670,442,1850,52906,GMT+8
ticks,1499259641399000000,i1709,4670,4675,716,4670,458,28,52934,GMT+8
ticks,1499259641888000000,i1709,4670,4675,802,4670,584,96,53030,GMT+8
ticks,1499259642384000000,i1709,4675,4675,847,4670,596,8,53038,GMT+8
ticks,1499259642877000000,i1709,4675,4675,833,4670,584,52,53090,GMT+8
ticks,1499259643407000000,i1709,4675,4675,818,4670,594,50,53140,GMT+8
ticks,1499259643898000000,i1709,4670,4675,870,4670,594,34,53174,GMT+8
ticks,1499259644401000000,i1709,4675,4675,862,4670,437,98,53272,GMT+8
ticks,1499259644813000000,i1709,4670,4675,808,4670,426,156,53428,GMT+8
ticks,1499259645390000000,i1709,4675,4675,850,4670,429,76,53504,GMT+8
ticks,1499259645905000000,i1709,4675,4675,839,4670,412,60,53564,GMT+8
ticks,1499259646395000000,i1709,4670,4670,436,4665,646,938,54502,GMT+8
ticks,1499259646882000000,i1709,4670,4670,344,4665,636,460,54962,GMT+8
ticks,1499259647369000000,i1709,4670,4670,469,4665,747,58,55020,GMT+8
ticks,1499259647894000000,i1709,4670,4670,297,4665,734,354,55374,GMT+8
ticks,1499259648383000000,i1709,4665,4670,328,4665,726,22,55396,GMT+8
ticks,1499259648889000000,i1709,4670,4670,323,4665,762,130,55526,GMT+8
ticks,1499259649407000000,i1709,4670,4670,515,4665,759,34,55560,GMT+8
ticks,1499259649875000000,i1709,4670,4670,518,4665,757,28,55588,GMT+8
ticks,1499259650381000000,i1709,4670,4670,403,4665,757,240,55828,GMT+8
ticks,1499259650901000000,i1709,4670,4670,353,4665,758,122,55950,GMT+8
ticks,1499259651405000000,i1709,4665,4670,374,4665,750,142,56092,GMT+8
ticks,1499259651897000000,i1709,4670,4670,384,4665,732,140,56232,GMT+8
ticks,1499259652399000000,i1709,4670,4670,369,4665,653,202,56434,GMT+8
ticks,1499259652891000000,i1709,4670,4670,466,4665,655,46,56480,GMT+8
ticks,1499259653403000000,i1709,4670,4670,682,4665,652,16,56496,GMT+8
ticks,1499259653906000000,i1709,4670,4670,738,4665,670,8,56504,GMT+8
ticks,1499259654406000000,i1709,4665,4670,748,4665,731,58,56562,GMT+8
ticks,1499259654844000000,i1709,4665,4670,748,4665,627,238,56800,GMT+8
ticks,1499259655395000000,i1709,4670,4670,761,4665,619,108,56908,GMT+8
ticks,1499259655905000000,i1709,4665,4670,803,4665,628,12,56920,GMT+8
ticks,1499259656396000000,i1709,4670,4670,794,4665,587,126,57046,GMT+8
ticks,1499259656892000000,i1709,4670,4670,652,4665,584,296,57342,GMT+8
ticks,1499259657397000000,i1709,4670,4670,613,4665,558,146,57488,GMT+8
ticks,1499259657900000000,i1709,4670,4670,601,4665,610,4,57492,GMT+8
ticks,1499259658403000000,i1709,4670,4670,666,4665,619,10,57502,GMT+8
ticks,1499259658892000000,i1709,4670,4670,665,4665,646,16,57518,GMT+8
ticks,1499259659384000000,i1709,4670,4670,625,4665,646,82,57600,GMT+8
ticks,1499259659895000000,i1709,4665,4670,609,4665,631,60,57660,GMT+8
ticks,1499259660404000000,i1709,4670,4670,518,4665,624,252,57912,GMT+8
ticks,1499259660904000000,i1709,4665,4670,535,4665,461,366,58278,GMT+8
ticks,1499259661403000000,i1709,4665,4670,555,4665,466,172,58450,GMT+8
ticks,1499259661904000000,i1709,4670,4670,558,4665,426,26,58476,GMT+8
ticks,1499259662383000000,i1709,4670,4670,553,4665,220,530,59006,GMT+8
ticks,1499259662900000000,i1709,4670,4670,382,4665,218,550,59556,GMT+8
ticks,1499259663407000000,i1709,4665,4670,431,4665,273,34,59590,GMT+8
ticks,1499259663900000000,i1709,4670,4670,408,4665,318,70,59660,GMT+8
ticks,1499259664400000000,i1709,4665,4670,465,4665,432,94,59754,GMT+8
ticks,1499259664903000000,i1709,4670,4670,432,4665,446,110,59864,GMT+8
ticks,1499259665405000000,i1709,4665,4670,509,4665,414,74,59938,GMT+8
ticks,1499259665906000000,i1709,4670,4670,596,4665,392,58,59996,GMT+8
ticks,1499259666402000000,i1709,4670,4670,674,4665,389,30,60026,GMT+8
ticks,1499259666900000000,i1709,4670,4670,657,4665,400,34,60060,GMT+8
ticks,1499259667404000000,i1709,4670,4670,673,4665,293,42,60102,GMT+8
ticks,1499259667876000000,i1709,4665,4670,783,4665,255,6,60108,GMT+8
ticks,1499259668404000000,i1709,4665,4670,775,4665,198,114,60222,GMT+8
ticks,1499259668869000000,i1709,4670,4670,774,4665,163,12,60234,GMT+8
ticks,1499259669386000000,i1709,4665,4665,163,4660,1244,346,60580,GMT+8
ticks,1499259669893000000,i1709,4665,4665,145,4660,1234,94,60674,GMT+8
ticks,1499259670405000000,i1709,4665,4665,125,4660,1255,62,60736,GMT+8
ticks,1499259670859000000,i1709,4665,4665,144,4660,1267,14,60750,GMT+8
ticks,1499259671402000000,i1709,4665,4665,156,4660,1215,130,60880,GMT+8
ticks,1499259671891000000,i1709,4665,4665,153,4660,1208,120,61000,GMT+8
ticks,1499259672355000000,i1709,4660,4660,559,4655,859,2486,63486,GMT+8
ticks,1499259672873000000,i1709,4660,4660,711,4655,868,86,63572,GMT+8
ticks,1499259673397000000,i1709,4660,4660,668,4655,898,92,63664,GMT+8
ticks,1499259673897000000,i1709,4660,4660,664,4655,915,16,63680,GMT+8
ticks,1499259674405000000,i1709,4660,4660,688,4655,811,232,63912,GMT+8
ticks,1499259674903000000,i1709,4655,4660,700,4655,795,56,63968,GMT+8
ticks,1499259675407000000,i1709,4660,4660,739,4655,741,230,64198,GMT+8
ticks,1499259675887000000,i1709,4655,4660,721,4655,732,44,64242,GMT+8
ticks,1499259676405000000,i1709,4660,4660,723,4655,741,64,64306,GMT+8
ticks,1499259676905000000,i1709,4655,4660,729,4655,890,54,64360,GMT+8
ticks,1499259677395000000,i1709,4655,4660,731,4655,894,12,64372,GMT+8
ticks,1499259677881000000,i1709,4655,4660,747,4655,874,50,64422,GMT+8
ticks,1499259678404000000,i1709,4660,4660,773,4655,867,44,64466,GMT+8
ticks,1499259678904000000,i1709,4655,4660,723,4655,853,114,64580,GMT+8
ticks,1499259679406000000,i1709,4660,4660,703,4655,819,128,64708,GMT+8
ticks,1499259679905000000,i1709,4660,4660,669,4655,822,76,64784,GMT+8
ticks,1499259680403000000,i1709,4660,4660,352,4655,849,692,65476,GMT+8
ticks,1499259680891000000,i1709,4660,4665,650,4660,290,660,66136,GMT+8
ticks,1499259681407000000,i1709,4665,4665,604,4660,474,36,66172,GMT+8
ticks,1499259681879000000,i1709,4660,4665,584,4660,670,74,66246,GMT+8
ticks,1499259682376000000,i1709,4660,4665,582,4660,781,62,66308,GMT+8
ticks,1499259682903000000,i1709,4660,4665,487,4660,752,68,66376,GMT+8
ticks,1499259683400000000,i1709,4660,4665,488,4660,766,44,66420,GMT+8
ticks,1499259683904000000,i1709,4665,4665,481,4660,800,66,66486,GMT+8
ticks,1499259684342000000,i1709,4660,4665,478,4660,786,38,66524,GMT+8
ticks,1499259684889000000,i1709,4660,4665,447,4660,800,2,66526,GMT+8
ticks,1499259685385000000,i1709,4660,4665,444,4660,696,224,66750,GMT+8
ticks,1499259685860000000,i1709,4665,4670,844,4665,221,898,67648,GMT+8
ticks,1499259686389000000,i1709,4665,4670,847,4665,350,18,67666,GMT+8
ticks,1499259686902000000,i1709,4670,4670,854,4665,456,14,67680,GMT+8
ticks,1499259687405000000,i1709,4665,4670,837,4665,439,80,67760,GMT+8
ticks,1499259687887000000,i1709,4665,4670,838,4665,448,28,67788,GMT+8
ticks,1499259688406000000,i1709,4665,4670,878,4665,406,86,67874,GMT+8
ticks,1499259688908000000,i1709,4665,4670,827,4665,400,120,67994,GMT+8
ticks,1499259689404000000,i1709,4670,4670,800,4665,453,86,68080,GMT+8
ticks,1499259689850000000,i1709,4670,4670,826,4665,368,230,68310,GMT+8
ticks,1499259690401000000,i1709,4670,4670,831,4665,203,348,68658,GMT+8
ticks,1499259690905000000,i1709,4670,4670,833,4665,139,36,68694,GMT+8
ticks,1499259691406000000,i1709,4670,4670,815,4665,138,48,68742,GMT+8
ticks,1499259691904000000,i1709,4665,4670,816,4665,246,20,68762,GMT+8
ticks,1499259692399000000,i1709,4670,4670,842,4665,246,36,68798,GMT+8
ticks,1499259692907000000,i1709,4665,4670,833,4665,466,42,68840,GMT+8
ticks,1499259693405000000,i1709,4670,4670,792,4665,478,30,68870,GMT+8
ticks,1499259693904000000,i1709,4665,4670,789,4665,485,24,68894,GMT+8
ticks,1499259694406000000,i1709,4670,4670,905,4665,513,8,68902,GMT+8
ticks,1499259694880000000,i1709,4670,4670,918,4665,526,10,68912,GMT+8
ticks,1499259695364000000,i1709,4670,4670,950,4665,499,66,68978,GMT+8
ticks,1499259695894000000,i1709,4665,4670,948,4665,503,30,69008,GMT+8
ticks,1499259696384000000,i1709,4670,4670,769,4665,433,560,69568,GMT+8
ticks,1499259696851000000,i1709,4670,4670,773,4665,439,14,69582,GMT+8
ticks,1499259697394000000,i1709,4670,4670,770,4665,545,10,69592,GMT+8
ticks,1499259697864000000,i1709,4670,4670,768,4665,620,8,69600,GMT+8
ticks,1499259698407000000,i1709,4665,4670,767,4665,623,12,69612,GMT+8
ticks,1499259698854000000,i1709,4670,4670,786,4665,623,2,69614,GMT+8
ticks,1499259699298000000,i1709,4670,4670,784,4665,677,4,69618,GMT+8
ticks,1499259699898000000,i1709,4665,4670,774,4665,667,64,69682,GMT+8
ticks,1499259700390000000,i1709,4670,4670,682,4665,756,40,69722,GMT+8
ticks,1499259700819000000,i1709,4670,4670,673,4665,812,22,69744,GMT+8
ticks,1499259701384000000,i1709,4665,4670,657,4665,863,18,69762,GMT+8
ticks,1499259701892000000,i1709,4665,4670,663,4665,869,2,69764,GMT+8
ticks,1499259702345000000,i1709,4670,4670,662,4665,869,24,69788,GMT+8
ticks,1499259702894000000,i1709,4665,4670,656,4665,881,30,69818,GMT+8
ticks,1499259703392000000,i1709,4670,4670,654,4665,845,110,69928,GMT+8
ticks,1499259703895000000,i1709,4670,4670,647,4665,847,34,69962,GMT+8
ticks,1499259704407000000,i1709,4670,4670,748,4665,852,38,70000,GMT+8
ticks,1499259704894000000,i1709,4670,4670,711,4665,860,86,70086,GMT+8
ticks,1499259705406000000,i1709,4665,4670,706,4665,866,18,70104,GMT+8
ticks,1499259705863000000,i1709,4670,4670,557,4665,913,318,70422,GMT+8
ticks,1499259706386000000,i1709,4665,4670,462,4665,947,2,70424,GMT+8
ticks,1499259706849000000,i1709,4670,4670,427,4665,949,72,70496,GMT+8
ticks,1499259707405000000,i1709,4670,4670,436,4665,959,22,70518,GMT+8
ticks,1499259707870000000,i1709,4670,4670,194,4665,987,516,71034,GMT+8
ticks,1499259708389000000,i1709,4670,4675,744,4670,246,388,71422,GMT+8
ticks,1499259708902000000,i1709,4670,4675,612,4670,543,316,71738,GMT+8
ticks,1499259709389000000,i1709,4675,4675,608,4670,624,6,71744,GMT+8
ticks,1499259709859000000,i1709,4670,4675,605,4670,729,34,71778,GMT+8
ticks,1499259710355000000,i1709,4670,4675,604,4670,771,10,71788,GMT+8
ticks,1499259710907000000,i1709,4670,4675,604,4670,636,64,71852,GMT+8
ticks,1499259711405000000,i1709,4670,4675,673,4670,640,20,71872,GMT+8
ticks,1499259711901000000,i1709,4675,4675,667,4670,674,16,71888,GMT+8
ticks,1499259712380000000,i1709,4670,4675,668,4670,669,10,71898,GMT+8
ticks,1499259712894000000,i1709,4675,4675,666,4670,668,14,71912,GMT+8
ticks,1499259713390000000,i1709,4675,4675,664,4670,647,48,71960,GMT+8
ticks,1499259713875000000,i1709,4670,4675,761,4670,647,10,71970,GMT+8
ticks,1499259714392000000,i1709,4675,4675,752,4670,650,16,71986,GMT+8
ticks,1499259714880000000,i1709,4675,4675,748,4670,649,8,71994,GMT+8
ticks,1499259715312000000,i1709,4675,4675,723,4670,676,52,72046,GMT+8
ticks,1499259715845000000,i1709,4675,4675,704,4670,664,48,72094,GMT+8
ticks,1499259716299000000,i1709,4675,4675,666,4670,676,76,72170,GMT+8
ticks,1499259716847000000,i1709,4675,4675,646,4670,681,98,72268,GMT+8
ticks,1499259717373000000,i1709,4675,4675,623,4670,679,58,72326,GMT+8
ticks,1499259717830000000,i1709,4670,4675,617,4670,636,126,72452,GMT+8
ticks,1499259718385000000,i1709,4675,4675,615,4670,701,6,72458,GMT+8
ticks,1499259718884000000,i1709,4675,4675,597,4670,716,64,72522,GMT+8
ticks,1499259719391000000,i1709,4675,4675,583,4670,719,48,72570,GMT+8
ticks,1499259719890000000,i1709,4675,4675,571,4670,717,52,72622,GMT+8
ticks,1499259720334000000,i1709,4675,4675,560,4670,703,70,72692,GMT+8
ticks,1499259720894000000,i1709,4675,4680,1100,4675,362,1214,73906,GMT+8
ticks,1499259721393000000,i1709,4675,4680,1149,4675,401,338,74244,GMT+8
ticks,1499259721883000000,i1709,4675,4680,1146,4675,523,14,74258,GMT+8
ticks,1499259722361000000,i1709,4675,4680,1173,4675,523,18,74276,GMT+8
ticks,1499259722896000000,i1709,4675,4680,1173,4675,528,4,74280,GMT+8
ticks,1499259723406000000,i1709,4675,4680,1163,4675,679,56,74336,GMT+8
ticks,1499259723905000000,i1709,4680,4680,1155,4675,708,16,74352,GMT+8
ticks,1499259724367000000,i1709,4680,4680,1098,4675,831,114,74466,GMT+8
ticks,1499259724863000000,i1709,4680,4680,1055,4675,822,144,74610,GMT+8
ticks,1499259725401000000,i1709,4680,4680,1052,4675,835,26,74636,GMT+8
ticks,1499259725859000000,i1709,4675,4680,1026,4675,819,74,74710,GMT+8
ticks,1499259726398000000,i1709,4675,4680,1019,4675,822,20,74730,GMT+8
ticks,1499259726886000000,i1709,4680,4680,635,4675,814,792,75522,GMT+8
ticks,1499259727378000000,i1709,4680,4680,612,4675,701,290,75812,GMT+8
ticks,1499259727906000000,i1709,4675,4680,543,4675,710,148,75960,GMT+8
ticks,1499259728406000000,i1709,4680,4680,546,4675,706,38,75998,GMT+8
ticks,1499259728906000000,i1709,4680,4680,380,4675,722,396,76394,GMT+8
ticks,1499259729395000000,i1709,4675,4680,405,4675,723,78,76472,GMT+8
ticks,1499259729903000000,i1709,4680,4680,670,4675,735,26,76498,GMT+8
ticks,1499259730389000000,i1709,4680,4680,751,4675,748,22,76520,GMT+8
ticks,1499259730901000000,i1709,4680,4680,729,4675,708,52,76572,GMT+8
ticks,1499259731328000000,i1709,4680,4680,729,4675,720,18,76590,GMT+8
ticks,1499259731907000000,i1709,4680,4680,723,4675,718,140,76730,GMT+8
ticks,1499259732384000000,i1709,4680,4680,407,4675,717,682,77412,GMT+8
ticks,1499259732898000000,i1709,4680,4680,361,4675,621,326,77738,GMT+8
ticks,1499259733405000000,i1709,4680,4680,358,4675,626,26,77764,GMT+8
ticks,1499259733895000000,i1709,4680,4680,357,4675,624,16,77780,GMT+8
ticks,1499259734405000000,i1709,4680,4680,379,4675,624,14,77794,GMT+8
ticks,1499259734894000000,i1709,4675,4680,384,4675,494,84,77878,GMT+8
ticks,1499259735392000000,i1709,4680,4680,350,4675,516,104,77982,GMT+8
ticks,1499259735905000000,i1709,4680,4680,332,4675,516,36,78018,GMT+8
ticks,1499259736406000000,i1709,4680,4680,281,4675,544,106,78124,GMT+8
ticks,1499259736881000000,i1709,4680,4680,272,4675,647,28,78152,GMT+8
ticks,1499259737350000000,i1709,4680,4680,266,4675,648,16,78168,GMT+8
ticks,1499259737874000000,i1709,4680,4680,241,4675,671,52,78220,GMT+8
ticks,1499259738389000000,i1709,4680,4680,261,4675,657,46,78266,GMT+8
ticks,1499259738887000000,i1709,4680,4680,272,4675,705,54,78320,GMT+8
ticks,1499259739378000000,i1709,4680,4680,151,4675,717,262,78582,GMT+8
ticks,1499259739878000000,i1709,4680,4680,110,4675,705,134,78716,GMT+8
ticks,1499259740370000000,i1709,4680,4685,854,4680,61,248,78964,GMT+8
ticks,1499259740903000000,i1709,4685,4685,902,4680,145,32,78996,GMT+8
ticks,1499259741403000000,i1709,4680,4685,889,4680,291,78,79074,GMT+8
ticks,1499259741907000000,i1709,4680,4685,884,4680,327,14,79088,GMT+8
ticks,1499259742402000000,i1709,4680,4685,883,4680,346,2,79090,GMT+8
ticks,1499259742850000000,i1709,4680,4685,841,4680,354,2,79092,GMT+8
ticks,1499259743400000000,i1709,4685,4685,840,4680,356,22,79114,GMT+8
ticks,1499259743886000000,i1709,4680,4685,839,4680,358,10,79124,GMT+8
ticks,1499259744406000000,i1709,4680,4685,838,4680,353,10,79134,GMT+8
ticks,1499259744900000000,i1709,4680,4685,837,4680,342,52,79186,GMT+8
ticks,1499259745408000000,i1709,4680,4685,843,4680,346,26,79212,GMT+8
ticks,1499259745906000000,i1709,4685,4685,850,4680,563,36,79248,GMT+8
ticks,1499259746399000000,i1709,4680,4685,748,4680,397,394,79642,GMT+8
ticks,1499259746900000000,i1709,4685,4685,758,4680,397,8,79650,GMT+8
ticks,1499259747407000000,i1709,4680,4685,878,4680,438,44,79694,GMT+8
ticks,1499259747890000000,i1709,4685,4685,846,4680,502,58,79752,GMT+8
ticks,1499259748389000000,i1709,4680,4685,850,4680,495,90,79842,GMT+8
ticks,1499259748902000000,i1709,4685,4685,872,4680,495,36,79878,GMT+8
ticks,1499259749370000000,i1709,4685,4685,841,4680,494,74,79952,GMT+8
ticks,1499259749885000000,i1709,4680,4685,834,4680,489,34,79986,GMT+8
ticks,1499259750404000000,i1709,4685,4685,826,4680,499,20,80006,GMT+8
ticks,1499259750889000000,i1709,4685,4685,847,4680,504,2,80008,GMT+8
ticks,1499259751378000000,i1709,4685,4685,814,4680,512,108,80116,GMT+8
ticks,1499259751863000000,i1709,4685,4685,816,4680,521,6,80122,GMT+8
ticks,1499259752403000000,i1709,4680,4685,5,4680,495,1724,81846,GMT+8
ticks,1499259752890000000,i1709,4685,4685,126,4680,634,132,81978,GMT+8
ticks,1499259753388000000,i1709,4685,4685,1069,4680,650,56,82034,GMT+8
ticks,1499259753894000000,i1709,4685,4685,1489,4680,595,172,82206,GMT+8
ticks,1499259754384000000,i1709,4680,4685,1497,4680,568,22,82228,GMT+8
ticks,1499259754883000000,i1709,4685,4685,1494,4680,573,8,82236,GMT+8
ticks,1499259755378000000,i1709,4685,4685,1494,4680,599,16,82252,GMT+8
ticks,1499259755886000000,i1709,4680,4685,1503,4680,586,8,82260,GMT+8
ticks,1499259756395000000,i1709,4685,4685,1541,4680,579,14,82274,GMT+8
ticks,1499259756866000000,i1709,4680,4685,1536,4680,590,16,82290,GMT+8
ticks,1499259757383000000,i1709,4680,4685,1541,4680,567,68,82358,GMT+8
ticks,1499259757897000000,i1709,4680,4685,1181,4680,677,682,83040,GMT+8
ticks,1499259758404000000,i1709,4680,4685,1168,4680,700,218,83258,GMT+8
ticks,1499259758897000000,i1709,4685,4685,739,4680,825,914,84172,GMT+8
ticks,1499259759407000000,i1709,4680,4685,705,4680,804,128,84300,GMT+8
ticks,1499259759905000000,i1709,4685,4685,771,4680,995,60,84360,GMT+8
ticks,1499259760384000000,i1709,4685,4685,380,4680,989,784,85144,GMT+8
ticks,1499259760904000000,i1709,4685,4690,1064,4685,6,770,85914,GMT+8
ticks,1499259761383000000,i1709,4685,4685,15,4680,976,666,86580,GMT+8
ticks,1499259761867000000,i1709,4685,4690,1104,4680,1032,44,86624,GMT+8
ticks,1499259762347000000,i1709,4685,4690,1103,4685,138,150,86774,GMT+8
ticks,1499259762890000000,i1709,4685,4690,1114,4685,214,1072,87846,GMT+8
ticks,1499259763407000000,i1709,4690,4690,1214,4685,391,172,88018,GMT+8
ticks,1499259763867000000,i1709,4685,4690,1180,4685,464,198,88216,GMT+8
ticks,1499259764397000000,i1709,4685,4690,1176,4685,391,170,88386,GMT+8
ticks,1499259764857000000,i1709,4690,4690,1052,4685,411,112,88498,GMT+8
ticks,1499259765316000000,i1709,4685,4690,1053,4685,519,2,88500,GMT+8
ticks,1499259765902000000,i1709,4685,4690,1054,4685,834,14,88514,GMT+8
ticks,1499259766390000000,i1709,4690,4690,940,4685,845,252,88766,GMT+8
ticks,1499259766908000000,i1709,4685,4690,912,4685,847,64,88830,GMT+8
ticks,1499259767404000000,i1709,4685,4690,917,4685,863,40,88870,GMT+8
ticks,1499259767882000000,i1709,4685,4690,910,4685,861,26,88896,GMT+8
ticks,1499259768367000000,i1709,4690,4690,908,4685,860,18,88914,GMT+8
ticks,1499259768905000000,i1709,4690,4690,851,4685,861,6,88920,GMT+8
ticks,1499259769393000000,i1709,4685,4690,849,4685,878,56,88976,GMT+8
ticks,1499259769905000000,i1709,4685,4690,848,4685,882,10,88986,GMT+8
ticks,1499259770396000000,i1709,4690,4690,843,4685,874,32,89018,GMT+8
ticks,1499259770899000000,i1709,4690,4690,852,4685,865,48,89066,GMT+8
ticks,1499259771383000000,i1709,4685,4690,855,4685,863,24,89090,GMT+8
ticks,1499259771876000000,i1709,4690,4690,844,4685,863,34,89124,GMT+8
ticks,1499259772393000000,i1709,4690,4690,627,4685,869,414,89538,GMT+8
ticks,1499259772898000000,i1709,4685,4690,727,4685,847,68,89606,GMT+8
ticks,1499259773397000000,i1709,4685,4690,757,4685,934,4,89610,GMT+8
ticks,1499259773861000000,i1709,4690,4690,788,4685,987,4,89614,GMT+8
ticks,1499259774388000000,i1709,4685,4690,709,4685,985,316,89930,GMT+8
ticks,1499259774895000000,i1709,4690,4690,705,4685,1000,36,89966,GMT+8
ticks,1499259775402000000,i1709,4690,4690,715,4685,999,20,89986,GMT+8
ticks,1499259775877000000,i1709,4690,4690,711,4685,1001,56,90042,GMT+8
ticks,1499259776368000000,i1709,4690,4690,706,4685,1022,30,90072,GMT+8
ticks,1499259776900000000,i1709,4690,4690,715,4685,1023,12,90084,GMT+8
ticks,1499259777404000000,i1709,4690,4690,594,4685,1028,246,90330,GMT+8
ticks,1499259777873000000,i1709,4690,4690,521,4685,1096,206,90536,GMT+8
ticks,1499259778360000000,i1709,4685,4690,558,4685,1102,12,90548,GMT+8
ticks,1499259778899000000,i1709,4690,4690,569,4685,1105,66,90614,GMT+8
ticks,1499259779378000000,i1709,4690,4690,565,4685,1107,50,90664,GMT+8
ticks,1499259779890000000,i1709,4690,4690,764,4685,1110,18,90682,GMT+8
ticks,1499259780387000000,i1709,4685,4690,883,4685,1041,106,90788,GMT+8
ticks,1499259780900000000,i1709,4685,4690,880,4685,1039,110,90898,GMT+8
ticks,1499259781399000000,i1709,4685,4690,964,4685,1031,2,90900,GMT+8
ticks,1499259781890000000,i1709,4690,4690,1086,4685,1108,16,90916,GMT+8
ticks,1499259782392000000,i1709,4690,4690,1087,4685,1084,34,90950,GMT+8
ticks,1499259782907000000,i1709,4685,4690,1076,4685,1075,62,91012,GMT+8
ticks,1499259783402000000,i1709,4685,4690,1085,4685,1063,12,91024,GMT+8
ticks,1499259783874000000,i1709,4690,4690,1086,4685,1051,62,91086,GMT+8
ticks,1499259784372000000,i1709,4690,4690,1083,4685,1051,42,91128,GMT+8
ticks,1499259784866000000,i1709,4685,4690,1099,4685,1051,2,91130,GMT+8
ticks,1499259785370000000,i1709,4685,4690,1104,4685,1074,40,91170,GMT+8
ticks,1499259785896000000,i1709,4685,4690,1099,4685,1142,44,91214,GMT+8
ticks,1499259786362000000,i1709,4685,4690,1087,4685,1117,102,91316,GMT+8
ticks,1499259786884000000,i1709,4685,4690,1095,4685,1024,230,91546,GMT+8
ticks,1499259787359000000,i1709,4690,4690,1097,4685,1020,12,91558,GMT+8
ticks,1499259787884000000,i1709,4685,4690,1100,4685,1008,14,91572,GMT+8
ticks,1499259788406000000,i1709,4685,4690,1093,4685,1000,44,91616,GMT+8
ticks,1499259788901000000,i1709,4690,4690,1103,4685,989,72,91688,GMT+8
ticks,1499259789399000000,i1709,4690,4690,1101,4685,985,8,91696,GMT+8
ticks,1499259789866000000,i1709,4685,4690,1107,4685,977,20,91716,GMT+8
ticks,1499259790402000000,i1709,4685,4690,1124,4685,850,318,92034,GMT+8
ticks,1499259790899000000,i1709,4685,4690,1125,4685,874,42,92076,GMT+8
ticks,1499259791408000000,i1709,4685,4690,1123,4685,858,42,92118,GMT+8
ticks,1499259791907000000,i1709,4685,4690,1134,4685,846,26,92144,GMT+8
ticks,1499259792407000000,i1709,4685,4690,1129,4685,826,46,92190,GMT+8
ticks,1499259792886000000,i1709,4685,4690,1132,4685,820,12,92202,GMT+8
ticks,1499259793386000000,i1709,4685,4690,1152,4685,829,14,92216,GMT+8
ticks,1499259793898000000,i1709,4685,4690,1148,4685,820,24,92240,GMT+8
ticks,1499259794387000000,i1709,4690,4690,1148,4685,697,250,92490,GMT+8
ticks,1499259794864000000,i1709,4690,4690,1129,4685,699,38,92528,GMT+8
ticks,1499259795389000000,i1709,4685,4690,1130,4685,631,148,92676,GMT+8
ticks,1499259795908000000,i1709,4690,4690,1131,4685,599,112,92788,GMT+8
ticks,1499259796375000000,i1709,4685,4690,1189,4685,406,328,93116,GMT+8
ticks,1499259796879000000,i1709,4685,4690,1174,4685,282,150,93266,GMT+8
ticks,1499259797403000000,i1709,4685,4685,87,4680,1680,572,93838,GMT+8
ticks,1499259797888000000,i1709,4685,4690,1148,4685,114,394,94232,GMT+8
ticks,1499259798406000000,i1709,4685,4690,1250,4685,165,144,94376,GMT+8
ticks,1499259798901000000,i1709,4685,4690,1222,4685,122,314,94690,GMT+8
ticks,1499259799407000000,i1709,4685,4690,1218,4685,131,46,94736,GMT+8
ticks,1499259799905000000,i1709,4685,4690,1223,4685,260,60,94796,GMT+8
ticks,1499259800389000000,i1709,4685,4690,1215,4680,1534,468,95264,GMT+8
ticks,1499259800899000000,i1709,4690,4690,1209,4680,1533,32,95296,GMT+8
ticks,1499259801398000000,i1709,4690,4690,1208,4680,1533,38,95334,GMT+8
ticks,1499259801867000000,i1709,4685,4690,1217,4680,1533,26,95360,GMT+8
ticks,1499259802307000000,i1709,4680,4690,1218,4685,125,202,95562,GMT+8
ticks,1499259802904000000,i1709,4685,4690,1216,4685,149,16,95578,GMT+8
ticks,1499259803366000000,i1709,4685,4690,1210,4685,182,58,95636,GMT+8
ticks,1499259803801000000,i1709,4685,4690,1238,4685,205,12,95648,GMT+8
ticks,1499259804399000000,i1709,4685,4690,1241,4685,290,32,95680,GMT+8
ticks,1499259804885000000,i1709,4685,4690,1164,4685,496,26,95706,GMT+8
ticks,1499259805387000000,i1709,4690,4690,1167,4685,615,6,95712,GMT+8
ticks,1499259805886000000,i1709,4685,4690,1173,4685,429,422,96134,GMT+8
ticks,1499259806405000000,i1709,4690,4690,1169,4685,342,196,96330,GMT+8
ticks,1499259806901000000,i1709,4685,4690,1297,4685,292,100,96430,GMT+8
ticks,1499259807407000000,i1709,4690,4690,1307,4685,652,16,96446,GMT+8
ticks,1499259807904000000,i1709,4685,4690,1302,4685,614,14,96460,GMT+8
ticks,1499259808406000000,i1709,4690,4690,1303,4685,634,12,96472,GMT+8
ticks,1499259808896000000,i1709,4685,4690,1314,4685,632,10,96482,GMT+8
ticks,1499259809400000000,i1709,4685,4690,1326,4685,699,50,96532,GMT+8
ticks,1499259809905000000,i1709,4685,4690,1241,4685,770,40,96572,GMT+8
ticks,1499259810399000000,i1709,4685,4690,1262,4685,738,64,96636,GMT+8
ticks,1499259810897000000,i1709,4685,4690,1311,4685,742,32,96668,GMT+8
ticks,1499259811402000000,i1709,4685,4690,1361,4685,739,6,96674,GMT+8
ticks,1499259811895000000,i1709,4685,4690,1332,4685,694,158,96832,GMT+8
ticks,1499259812373000000,i1709,4685,4690,1344,4685,687,18,96850,GMT+8
ticks,1499259812892000000,i1709,4685,4690,1343,4685,677,34,96884,GMT+8
ticks,1499259813383000000,i1709,4690,4690,1337,4685,674,34,96918,GMT+8
ticks,1499259813908000000,i1709,4685,4690,1340,4685,649,56,96974,GMT+8
ticks,1499259814382000000,i1709,4690,4690,1327,4685,653,54,97028,GMT+8
ticks,1499259814897000000,i1709,4685,4690,1325,4685,650,6,97034,GMT+8
ticks,1499259815371000000,i1709,4685,4690,1227,4685,654,0,97034,GMT+8
ticks,1499259815852000000,i1709,4690,4690,1181,4685,650,102,97136,GMT+8
ticks,1499259816409000000,i1709,4685,4690,1182,4685,649,2,97138,GMT+8
ticks,1499259816907000000,i1709,4685,4690,1196,4685,652,6,97144,GMT+8
ticks,1499259817407000000,i1709,4690,4690,1100,4685,652,100,97244,GMT+8
ticks,1499259817903000000,i1709,4690,4690,1100,4685,663,14,97258,GMT+8
ticks,1499259818399000000,i1709,4690,4690,1100,4685,668,2,97260,GMT+8
ticks,1499259818890000000,i1709,4690,4690,1096,4685,648,52,97312,GMT+8
ticks,1499259819405000000,i1709,4690,4690,1086,4685,651,26,97338,GMT+8
ticks,1499259819876000000,i1709,4690,4690,1081,4685,660,18,97356,GMT+8
ticks,1499259820397000000,i1709,4685,4690,1081,4685,638,66,97422,GMT+8
ticks,1499259820844000000,i1709,4685,4690,1080,4685,640,14,97436,GMT+8
ticks,1499259821367000000,i1709,4690,4690,1075,4685,736,24,97460,GMT+8
ticks,1499259821875000000,i1709,4685,4690,1009,4685,732,144,97604,GMT+8
ticks,1499259822392000000,i1709,4690,4690,1017,4685,752,20,97624,GMT+8
ticks,1499259822842000000,i1709,4690,4690,1024,4685,755,4,97628,GMT+8
ticks,1499259823316000000,i1709,4690,4690,1014,4685,757,12,97640,GMT+8
ticks,1499259823828000000,i1709,4685,4690,1018,4685,805,4,97644,GMT+8
ticks,1499259824401000000,i1709,4690,4690,1023,4685,803,14,97658,GMT+8
ticks,1499259824908000000,i1709,4690,4690,1019,4685,805,8,97666,GMT+8
ticks,1499259825376000000,i1709,4685,4690,1022,4685,734,214,97880,GMT+8
ticks,1499259825880000000,i1709,4690,4690,1018,4685,742,20,97900,GMT+8
ticks,1499259826401000000,i1709,4690,4690,1021,4685,732,22,97922,GMT+8
ticks,1499259826782000000,i1709,4685,4690,1020,4685,731,8,97930,GMT+8
ticks,1499259827403000000,i1709,4690,4690,1113,4685,730,32,97962,GMT+8
ticks,1499259827813000000,i1709,4685,4690,1113,4685,722,2,97964,GMT+8
ticks,1499259828336000000,i1709,4690,4690,1113,4685,730,12,97976,GMT+8
ticks,1499259828881000000,i1709,4690,4690,1126,4685,733,4,97980,GMT+8
ticks,1499259829341000000,i1709,4690,4690,1125,4685,733,2,97982,GMT+8
ticks,1499259829811000000,i1709,4690,4690,1099,4685,753,64,98046,GMT+8
ticks,1499259830384000000,i1709,4690,4690,1063,4685,750,62,98108,GMT+8
ticks,1499259830856000000,i1709,4685,4690,1069,4685,738,30,98138,GMT+8
ticks,1499259831405000000,i1709,4690,4690,1034,4685,582,392,98530,GMT+8
ticks,1499259831801000000,i1709,4690,4690,1024,4685,576,32,98562,GMT+8
ticks,1499259832375000000,i1709,4685,4690,1031,4685,570,12,98574,GMT+8
ticks,1499259832801000000,i1709,4685,4690,1033,4685,570,4,98578,GMT+8
ticks,1499259833326000000,i1709,4685,4690,1033,4685,568,4,98582,GMT+8
ticks,1499259833907000000,i1709,4685,4690,1031,4685,573,32,98614,GMT+8
ticks,1499259834402000000,i1709,4685,4690,1093,4685,548,200,98814,GMT+8
ticks,1499259834896000000,i1709,4685,4690,1148,4685,544,32,98846,GMT+8
ticks,1499259835392000000,i1709,4690,4690,1143,4685,544,10,98856,GMT+8
ticks,1499259835829000000,i1709,4690,4690,1152,4685,603,6,98862,GMT+8
ticks,1499259836406000000,i1709,4690,4690,1157,4685,603,6,98868,GMT+8
ticks,1499259836890000000,i1709,4685,4690,1158,4685,595,26,98894,GMT+8
ticks,1499259837323000000,i1709,4685,4690,1169,4685,587,24,98918,GMT+8
ticks,1499259837744000000,i1709,4690,4690,1173,4685,587,2,98920,GMT+8
ticks,1499259838406000000,i1709,4690,4690,1169,4685,568,44,98964,GMT+8
ticks,1499259838853000000,i1709,4690,4690,1172,4685,568,2,98966,GMT+8
ticks,1499259839403000000,i1709,4690,4690,1151,4685,565,46,99012,GMT+8
ticks,1499259839875000000,i1709,4685,4690,1148,4685,564,12,99024,GMT+8
ticks,1499259840383000000,i1709,4685,4690,1147,4685,549,42,99066,GMT+8
ticks,1499259840909000000,i1709,4685,4690,1177,4685,546,6,99072,GMT+8
ticks,1499259841392000000,i1709,4685,4690,1183,4685,506,80,99152,GMT+8
ticks,1499259841880000000,i1709,4690,4690,1162,4685,508,42,99194,GMT+8
ticks,1499259842350000000,i1709,4690,4690,1168,4685,509,0,99194,GMT+8
ticks,1499259842907000000,i1709,4685,4690,1175,4685,506,6,99200,GMT+8
ticks,1499259843340000000,i1709,4685,4690,1226,4685,500,20,99220,GMT+8
ticks,1499259843879000000,i1709,4685,4690,1226,4685,497,6,99226,GMT+8
ticks,1499259844407000000,i1709,4685,4690,1234,4685,496,4,99230,GMT+8
ticks,1499259844860000000,i1709,4685,4690,1233,4685,492,8,99238,GMT+8
ticks,1499259845373000000,i1709,4685,4690,1235,4685,493,2,99240,GMT+8
ticks,1499259845849000000,i1709,4685,4690,1046,4685,497,404,99644,GMT+8
ticks,1499259846401000000,i1709,4690,4690,1088,4685,497,16,99660,GMT+8
ticks,1499259846822000000,i1709,4690,4690,1101,4685,509,4,99664,GMT+8
ticks,1499259847345000000,i1709,4685,4690,1105,4685,515,2,99666,GMT+8
ticks,1499259847862000000,i1709,4690,4690,1108,4685,515,16,99682,GMT+8
ticks,1499259848396000000,i1709,4690,4690,1109,4685,506,10,99692,GMT+8
ticks,1499259848870000000,i1709,4685,4690,1114,4685,527,8,99700,GMT+8
ticks,1499259849387000000,i1709,4685,4690,1141,4685,525,4,99704,GMT+8
ticks,1499259849893000000,i1709,4685,4690,1145,4685,523,6,99710,GMT+8
ticks,1499259850322000000,i1709,4685,4690,1144,4685,521,8,99718,GMT+8
ticks,1499259850810000000,i1709,4690,4690,1181,4685,519,6,99724,GMT+8
ticks,1499259851356000000,i1709,4685,4690,1176,4685,528,4,99728,GMT+8
ticks,1499259851896000000,i1709,4690,4690,1174,4685,534,8,99736,GMT+8
ticks,1499259852390000000,i1709,4690,4690,1176,4685,540,12,99748,GMT+8
ticks,1499259852856000000,i1709,4690,4690,1176,4685,540,2,99750,GMT+8
ticks,1499259853409000000,i1709,4690,4690,1165,4685,537,22,99772,GMT+8
ticks,1499259853831000000,i1709,4685,4690,1143,4685,523,98,99870,GMT+8
ticks,1499259854369000000,i1709,4685,4690,1140,4685,520,12,99882,GMT+8
ticks,1499259854893000000,i1709,4690,4690,1238,4685,533,14,99896,GMT+8
ticks,1499259855353000000,i1709,4690,4690,1226,4685,567,60,99956,GMT+8
ticks,1499259855856000000,i1709,4685,4690,1237,4685,567,8,99964,GMT+8
ticks,1499259856332000000,i1709,4690,4690,1234,4685,574,4,99968,GMT+8
ticks,1499259856901000000,i1709,4690,4690,1231,4685,579,8,99976,GMT+8
ticks,1499259857403000000,i1709,4685,4690,1227,4685,522,608,100584,GMT+8
ticks,1499259857904000000,i1709,4690,4690,1224,4685,527,32,100616,GMT+8
ticks,1499259858328000000,i1709,4685,4690,836,4685,606,600,101216,GMT+8
ticks,1499259858861000000,i1709,4690,4690,753,4685,654,80,101296,GMT+8
ticks,1499259859357000000,i1709,4690,4690,792,4685,667,6,101302,GMT+8
ticks,1499259859909000000,i1709,4690,4690,768,4685,656,80,101382,GMT+8
ticks,1499259860398000000,i1709,4690,4690,764,4685,656,12,101394,GMT+8
ticks,1499259860897000000,i1709,4690,4690,762,4685,699,4,101398,GMT+8
ticks,1499259861345000000,i1709,4685,4690,761,4685,696,90,101488,GMT+8
ticks,1499259861896000000,i1709,4690,4690,762,4685,726,10,101498,GMT+8
ticks,1499259862396000000,i1709,4690,4690,757,4685,723,10,101508,GMT+8
ticks,1499259862879000000,i1709,4690,4690,753,4685,741,16,101524,GMT+8
ticks,1499259863401000000,i1709,4690,4690,790,4685,741,8,101532,GMT+8
ticks,1499259863857000000,i1709,4690,4690,791,4685,743,4,101536,GMT+8
ticks,1499259864384000000,i1709,4690,4690,809,4685,743,6,101542,GMT+8
ticks,1499259864906000000,i1709,4690,4690,927,4685,743,8,101550,GMT+8
ticks,1499259865393000000,i1709,4690,4690,919,4685,743,20,101570,GMT+8
ticks,1499259865888000000,i1709,4685,4690,984,4685,1023,10,101580,GMT+8
ticks,1499259866338000000,i1709,4690,4690,769,4685,1026,418,101998,GMT+8
ticks,1499259866903000000,i1709,4690,4690,794,4685,1040,2,102000,GMT+8
ticks,1499259867369000000,i1709,4690,4690,790,4685,1044,8,102008,GMT+8
ticks,1499259867851000000,i1709,4690,4690,788,4685,1057,12,102020,GMT+8
ticks,1499259868398000000,i1709,4690,4690,698,4685,1057,2,102022,GMT+8
ticks,1499259868825000000,i1709,4685,4690,696,4685,1056,6,102028,GMT+8
ticks,1499259869378000000,i1709,4690,4690,680,4685,1066,56,102084,GMT+8
ticks,1499259869873000000,i1709,4685,4690,619,4685,1058,30,102114,GMT+8
ticks,1499259870396000000,i1709,4690,4690,619,4685,1135,4,102118,GMT+8
ticks,1499259870902000000,i1709,4685,4690,628,4685,1132,10,102128,GMT+8
ticks,1499259871389000000,i1709,4690,4690,617,4685,1139,38,102166,GMT+8
ticks,1499259871901000000,i1709,4690,4690,716,4685,1090,8,102174,GMT+8
ticks,1499259872409000000,i1709,4690,4690,702,4685,1099,94,102268,GMT+8
ticks,1499259872865000000,i1709,4690,4690,823,4685,1099,2,102270,GMT+8
ticks,1499259873313000000,i1709,4690,4690,868,4685,1099,4,102274,GMT+8
ticks,1499259873909000000,i1709,4690,4690,899,4685,1104,8,102282,GMT+8
ticks,1499259874317000000,i1709,4690,4690,1010,4685,1104,14,102296,GMT+8
ticks,1499259874907000000,i1709,4685,4690,1013,4685,1098,14,102310,GMT+8
ticks,1499259875399000000,i1709,4690,4690,1019,4685,1097,6,102316,GMT+8
ticks,1499259875903000000,i1709,4690,4690,867,4685,1052,404,102720,GMT+8
ticks,1499259876340000000,i1709,4690,4690,865,4685,1061,2,102722,GMT+8
ticks,1499259876905000000,i1709,4685,4690,882,4685,1054,30,102752,GMT+8
ticks,1499259877371000000,i1709,4690,4690,879,4685,1030,64,102816,GMT+8
ticks,1499259877875000000,i1709,4690,4690,890,4685,1033,0,102816,GMT+8
ticks,1499259878400000000,i1709,4685,4690,892,4685,1032,16,102832,GMT+8
ticks,1499259878896000000,i1709,4685,4690,880,4685,1029,14,102846,GMT+8
ticks,1499259879407000000,i1709,4685,4690,889,4685,1035,6,102852,GMT+8
ticks,1499259879868000000,i1709,4690,4690,893,4685,1031,102,102954,GMT+8
ticks,1499259880388000000,i1709,4685,4690,904,4685,1027,8,102962,GMT+8
ticks,1499259880908000000,i1709,4690,4690,899,4685,1025,20,102982,GMT+8
ticks,1499259881399000000,i1709,4685,4690,900,4685,1021,6,102988,GMT+8
ticks,1499259881873000000,i1709,4685,4690,867,4685,1017,108,103096,GMT+8
ticks,1499259882400000000,i1709,4685,4690,1031,4685,1012,12,103108,GMT+8
ticks,1499259882905000000,i1709,4685,4690,1033,4685,1003,24,103132,GMT+8
ticks,1499259883320000000,i1709,4685,4690,1036,4685,1000,10,103142,GMT+8
ticks,1499259883894000000,i1709,4690,4690,1121,4685,996,24,103166,GMT+8
ticks,1499259884403000000,i1709,4685,4690,1163,4685,921,150,103316,GMT+8
ticks,1499259884859000000,i1709,4685,4690,1167,4685,920,6,103322,GMT+8
ticks,1499259885389000000,i1709,4685,4685,265,4680,1822,1876,105198,GMT+8
ticks,1499259885900000000,i1709,4680,4685,504,4680,1660,70,105268,GMT+8
ticks,1499259886399000000,i1709,4685,4685,195,4680,1656,1114,106382,GMT+8
ticks,1499259886898000000,i1709,4685,4685,57,4680,1664,530,106912,GMT+8
ticks,1499259887395000000,i1709,4685,4685,2,4680,1716,110,107022,GMT+8
ticks,1499259887906000000,i1709,4685,4690,1299,4685,237,166,107188,GMT+8
ticks,1499259888406000000,i1709,4685,4690,1295,4685,310,18,107206,GMT+8
ticks,1499259888897000000,i1709,4690,4690,1295,4685,354,2,107208,GMT+8
ticks,1499259889367000000,i1709,4690,4690,1294,4685,357,4,107212,GMT+8
ticks,1499259889903000000,i1709,4685,4690,1298,4685,353,16,107228,GMT+8
ticks,1499259890409000000,i1709,4690,4690,1303,4685,442,50,107278,GMT+8
ticks,1499259890862000000,i1709,4685,4690,1304,4685,444,10,107288,GMT+8
ticks,1499259891382000000,i1709,4685,4690,1320,4685,486,22,107310,GMT+8
ticks,1499259891894000000,i1709,4685,4690,1328,4685,497,18,107328,GMT+8
ticks,1499259892410000000,i1709,4685,4685,392,4680,1740,1002,108330,GMT+8
ticks,1499259892900000000,i1709,4685,4685,430,4680,1725,24,108354,GMT+8
ticks,1499259893371000000,i1709,4685,4685,444,4680,1745,4,108358,GMT+8
ticks,1499259893869000000,i1709,4680,4685,491,4680,1735,22,108380,GMT+8
ticks,1499259894182000000,i1709,4685,4685,491,4680,1735,2,108382,GMT+8
ticks,1499259894830000000,i1709,4685,4685,498,4680,1760,14,108396,GMT+8
ticks,1499259895373000000,i1709,4685,4685,329,4680,1769,252,108648,GMT+8
ticks,1499259895895000000,i1709,4685,4690,1222,4685,126,618,109266,GMT+8
ticks,1499259896409000000,i1709,4685,4690,1219,4685,130,18,109284,GMT+8
ticks,1499259896810000000,i1709,4685,4685,77,4680,1791,454,109738,GMT+8
ticks,1499259897406000000,i1709,4685,4685,68,4680,1789,28,109766,GMT+8
ticks,1499259897831000000,i1709,4680,4685,130,4680,1787,34,109800,GMT+8
ticks,1499259898403000000,i1709,4685,4685,309,4680,1791,12,109812,GMT+8
ticks,1499259898899000000,i1709,4685,4685,328,4680,1798,16,109828,GMT+8
ticks,1499259899391000000,i1709,4680,4685,353,4680,1780,24,109852,GMT+8
ticks,1499259899890000000,i1709,4685,4685,449,4680,1763,30,109882,GMT+8
ticks,1499259900398000000,i1709,4685,4685,546,4680,1767,6,109888,GMT+8
ticks,1499259900898000000,i1709,4680,4685,549,4680,1683,212,110100,GMT+8
ticks,1499259901398000000,i1709,4685,4685,563,4680,1668,16,110116,GMT+8
ticks,1499259901808000000,i1709,4680,4685,568,4680,1672,2,110118,GMT+8
ticks,1499259902344000000,i1709,4685,4685,619,4680,1689,16,110134,GMT+8
ticks,1499259902904000000,i1709,4680,4685,659,4680,1696,8,110142,GMT+8
ticks,1499259903392000000,i1709,4680,4685,685,4680,1710,14,110156,GMT+8
ticks,1499259903892000000,i1709,4680,4685,685,4680,1710,8,110164,GMT+8
ticks,1499259904407000000,i1709,4680,4685,694,4680,1702,8,110172,GMT+8
ticks,1499259904906000000,i1709,4680,4685,779,4680,1680,70,110242,GMT+8
ticks,1499259905403000000,i1709,4685,4685,783,4680,1680,4,110246,GMT+8
ticks,1499259905872000000,i1709,4685,4685,826,4680,1681,0,110246,GMT+8
ticks,1499259906400000000,i1709,4680,4685,836,4680,1684,28,110274,GMT+8
ticks,1499259906795000000,i1709,4680,4685,847,4680,1674,22,110296,GMT+8
ticks,1499259907408000000,i1709,4680,4685,848,4680,1670,10,110306,GMT+8
ticks,1499259907884000000,i1709,4685,4685,979,4680,1668,66,110372,GMT+8
ticks,1499259908399000000,i1709,4680,4685,983,4680,1666,6,110378,GMT+8
ticks,1499259908866000000,i1709,4685,4685,983,4680,1665,4,110382,GMT+8
ticks,1499259909389000000,i1709,4680,4685,1058,4680,1663,2,110384,GMT+8
ticks,1499259909883000000,i1709,4680,4685,1053,4680,1662,2,110386,GMT+8
ticks,1499259910407000000,i1709,4680,4685,1059,4680,1657,14,110400,GMT+8
ticks,1499259910826000000,i1709,4680,4685,1057,4680,1652,6,110406,GMT+8
ticks,1499259911351000000,i1709,4680,4685,1050,4680,1648,22,110428,GMT+8
ticks,1499259911896000000,i1709,4680,4685,1050,4680,1646,6,110434,GMT+8
ticks,1499259912398000000,i1709,4680,4685,1051,4680,1628,32,110466,GMT+8
ticks,1499259912898000000,i1709,4685,4685,1059,4680,1649,2,110468,GMT+8
ticks,1499259913388000000,i1709,4680,4685,1066,4680,1559,182,110650,GMT+8
ticks,1499259913868000000,i1709,4685,4685,1066,4680,1560,2,110652,GMT+8
ticks,1499259914386000000,i1709,4680,4685,981,4680,1540,182,110834,GMT+8
ticks,1499259914878000000,i1709,4680,4685,970,4680,1538,2,110836,GMT+8
ticks,1499259915403000000,i1709,4680,4685,973,4680,1535,6,110842,GMT+8
ticks,1499259915860000000,i1709,4680,4685,992,4680,1533,12,110854,GMT+8
ticks,1499259916363000000,i1709,4680,4685,995,4680,1510,50,110904,GMT+8
ticks,1499259916861000000,i1709,4680,4685,1029,4680,1512,2,110906,GMT+8
ticks,1499259917397000000,i1709,4680,4685,1031,4680,1531,16,110922,GMT+8
ticks,1499259917888000000,i1709,4680,4685,1047,4680,1549,12,110934,GMT+8
ticks,1499259918376000000,i1709,4680,4685,1111,4680,1546,6,110940,GMT+8
ticks,1499259918852000000,i1709,4680,4685,1137,4680,1541,20,110960,GMT+8
ticks,1499259919310000000,i1709,4680,4685,1155,4680,1539,4,110964,GMT+8
ticks,1499259919897000000,i1709,4685,4685,1088,4680,1537,174,111138,GMT+8
ticks,1499259920367000000,i1709,4685,4685,1086,4680,1542,10,111148,GMT+8
ticks,1499259920877000000,i1709,4685,4685,1068,4680,1541,42,111190,GMT+8
ticks,1499259921348000000,i1709,4685,4685,968,4680,1539,206,111396,GMT+8
ticks,1499259921803000000,i1709,4680,4685,967,4680,1534,12,111408,GMT+8
ticks,1499259922373000000,i1709,4680,4685,974,4680,1528,14,111422,GMT+8
ticks,1499259922822000000,i1709,4680,4685,977,4680,1527,4,111426,GMT+8
ticks,1499259923329000000,i1709,4685,4685,973,4680,1533,6,111432,GMT+8
ticks,1499259923897000000,i1709,4680,4685,981,4680,1532,2,111434,GMT+8
ticks,1499259924354000000,i1709,4680,4685,970,4680,1530,16,111450,GMT+8
ticks,1499259924880000000,i1709,4680,4685,977,4680,1534,6,111456,GMT+8
ticks,1499259925381000000,i1709,4685,4685,902,4680,1534,200,111656,GMT+8
ticks,1499259925867000000,i1709,4685,4685,901,4680,1552,8,111664,GMT+8
ticks,1499259926385000000,i1709,4680,4685,906,4680,1543,20,111684,GMT+8
ticks,1499259926880000000,i1709,4680,4685,933,4680,1548,0,111684,GMT+8
ticks,1499259927410000000,i1709,4680,4685,952,4680,1542,16,111700,GMT+8
ticks,1499259927855000000,i1709,4685,4685,1012,4680,1545,2,111702,GMT+8
ticks,1499259928353000000,i1709,4685,4685,1013,4680,1544,24,111726,GMT+8
ticks,1499259928810000000,i1709,4680,4685,1011,4680,1534,30,111756,GMT+8
ticks,1499259929343000000,i1709,4680,4685,1000,4680,1533,6,111762,GMT+8
ticks,1499259929867000000,i1709,4680,4685,998,4680,1525,18,111780,GMT+8
ticks,1499259930349000000,i1709,4680,4685,995,4680,1524,10,111790,GMT+8
ticks,1499259930886000000,i1709,4685,4685,989,4680,1513,26,111816,GMT+8
ticks,1499259931297000000,i1709,4680,4685,1074,4680,1512,22,111838,GMT+8
ticks,1499259931850000000,i1709,4685,4685,1079,4680,1513,26,111864,GMT+8
ticks,1499259932375000000,i1709,4680,4685,1089,4680,1411,206,112070,GMT+8
ticks,1499259932872000000,i1709,4685,4685,1190,4680,1417,6,112076,GMT+8
ticks,1499259933398000000,i1709,4685,4685,1191,4680,1458,0,112076,GMT+8
ticks,1499259933880000000,i1709,4680,4685,1205,4680,1488,4,112080,GMT+8
ticks,1499259934330000000,i1709,4685,4685,1214,4680,1485,4,112084,GMT+8
ticks,1499259934832000000,i1709,4680,4685,1234,4680,1485,2,112086,GMT+8
ticks,1499259935372000000,i1709,4680,4685,1192,4680,1551,94,112180,GMT+8
ticks,1499259935902000000,i1709,4680,4685,1193,4680,1536,54,112234,GMT+8
ticks,1499259936392000000,i1709,4680,4685,1194,4680,1538,0,112234,GMT+8
ticks,1499259936880000000,i1709,4680,4685,1196,4680,1536,10,112244,GMT+8
ticks,1499259937410000000,i1709,4680,4685,1186,4680,1519,64,112308,GMT+8
ticks,1499259937910000000,i1709,4680,4685,1188,4680,1483,44,112352,GMT+8
ticks,1499259938393000000,i1709,4680,4685,1189,4680,1486,2,112354,GMT+8
ticks,1499259938879000000,i1709,4680,4685,1189,4680,1487,2,112356,GMT+8
ticks,1499259939394000000,i1709,4685,4685,1187,4680,1482,6,112362,GMT+8
ticks,1499259939902000000,i1709,4685,4685,1185,4680,1469,18,112380,GMT+8
ticks,1499259940365000000,i1709,4685,4685,1180,4680,1464,32,112412,GMT+8
ticks,1499259940863000000,i1709,4680,4685,1159,4680,1462,6,112418,GMT+8
ticks,1499259941797000000,i1709,4680,4685,1221,4680,1458,8,112426,GMT+8
ticks,1499259942363000000,i1709,4680,4685,1242,4680,1459,6,112432,GMT+8
ticks,1499259942889000000,i1709,4685,4685,1248,4680,1468,4,112436,GMT+8
ticks,1499259943229000000,i1709,4685,4685,1254,4680,1488,0,112436,GMT+8
ticks,1499259943802000000,i1709,4685,4685,1151,4680,1482,20,112456,GMT+8
ticks,1499259944403000000,i1709,4680,4685,1140,4680,1492,20,112476,GMT+8
ticks,1499259944814000000,i1709,4685,4685,1128,4680,1471,74,112550,GMT+8
ticks,1499259945401000000,i1709,4685,4685,1132,4680,1473,0,112550,GMT+8
ticks,1499259945903000000,i1709,4685,4685,1147,4680,1474,0,112550,GMT+8
ticks,1499259946297000000,i1709,4685,4685,1146,4680,1481,4,112554,GMT+8
ticks,1499259946906000000,i1709,4685,4685,1145,4680,1460,50,112604,GMT+8
ticks,1499259947265000000,i1709,4685,4685,1145,4680,1458,0,112604,GMT+8
ticks,1499259947825000000,i1709,4680,4685,1145,4680,1431,54,112658,GMT+8
ticks,1499259948407000000,i1709,4680,4685,1166,4680,1426,10,112668,GMT+8
ticks,1499259948904000000,i1709,4680,4685,1166,4680,1412,38,112706,GMT+8
ticks,1499259949393000000,i1709,4685,4685,1162,4680,1412,12,112718,GMT+8
ticks,1499259949806000000,i1709,4685,4685,1162,4680,1414,2,112720,GMT+8
ticks,1499259950371000000,i1709,4680,4685,1167,4680,1408,6,112726,GMT+8
ticks,1499259950804000000,i1709,4680,4685,1142,4680,1406,4,112730,GMT+8
ticks,1499259951357000000,i1709,4680,4685,1143,4680,1406,2,112732,GMT+8
ticks,1499259951901000000,i1709,4680,4685,1143,4680,1446,20,112752,GMT+8
ticks,1499259952353000000,i1709,4680,4685,1144,4680,1444,4,112756,GMT+8
ticks,1499259952908000000,i1709,4680,4685,1119,4680,1420,50,112806,GMT+8
ticks,1499259953366000000,i1709,4680,4685,1118,4680,1425,0,112806,GMT+8
ticks,1499259953890000000,i1709,4685,4685,1118,4680,1426,2,112808,GMT+8
ticks,1499259954388000000,i1709,4685,4685,1117,4680,1417,24,112832,GMT+8
ticks,1499259954835000000,i1709,4685,4685,1119,4680,1422,0,112832,GMT+8
ticks,1499259955390000000,i1709,4680,4685,1134,4680,1416,12,112844,GMT+8
ticks,1499259955836000000,i1709,4685,4685,1125,4680,1419,22,112866,GMT+8
ticks,1499259956400000000,i1709,4680,4680,526,4675,1018,2862,115728,GMT+8
ticks,1499259956910000000,i1709,4680,4680,579,4675,921,226,115954,GMT+8
ticks,1499259957403000000,i1709,4680,4680,686,4675,927,2,115956,GMT+8
ticks,1499259957902000000,i1709,4675,4680,742,4675,947,8,115964,GMT+8
ticks,1499259958388000000,i1709,4675,4680,747,4675,932,36,116000,GMT+8
ticks,1499259958908000000,i1709,4675,4680,747,4675,930,8,116008,GMT+8
ticks,1499259959385000000,i1709,4675,4680,749,4675,954,18,116026,GMT+8
ticks,1499259959906000000,i1709,4675,4680,767,4675,957,18,116044,GMT+8
ticks,1499259960406000000,i1709,4680,4680,766,4675,956,12,116056,GMT+8
ticks,1499259960888000000,i1709,4675,4680,756,4675,950,36,116092,GMT+8
ticks,1499259961376000000,i1709,4675,4680,755,4675,913,82,116174,GMT+8
ticks,1499259961795000000,i1709,4675,4680,764,4675,1000,2,116176,GMT+8
ticks,1499259962374000000,i1709,4675,4680,764,4675,1005,2,116178,GMT+8
ticks,1499259962830000000,i1709,4675,4680,772,4675,971,80,116258,GMT+8
ticks,1499259963408000000,i1709,4675,4680,773,4675,962,20,116278,GMT+8
ticks,1499259963837000000,i1709,4675,4680,844,4675,871,18,116296,GMT+8
ticks,1499259964368000000,i1709,4675,4680,853,4675,852,12,116308,GMT+8
ticks,1499259964897000000,i1709,4675,4680,870,4675,856,0,116308,GMT+8
ticks,1499259965353000000,i1709,4680,4680,853,4675,854,54,116362,GMT+8
ticks,1499259965901000000,i1709,4675,4680,863,4675,842,32,116394,GMT+8
ticks,1499259966389000000,i1709,4675,4680,877,4675,839,12,116406,GMT+8
ticks,1499259966823000000,i1709,4680,4680,860,4675,832,56,116462,GMT+8
ticks,1499259967391000000,i1709,4675,4680,866,4675,810,46,116508,GMT+8
ticks,1499259967878000000,i1709,4675,4680,871,4675,759,108,116616,GMT+8
ticks,1499259968408000000,i1709,4675,4680,879,4675,773,10,116626,GMT+8
ticks,1499259968898000000,i1709,4675,4680,880,4675,767,14,116640,GMT+8
ticks,1499259969348000000,i1709,4680,4680,882,4675,764,12,116652,GMT+8
ticks,1499259969903000000,i1709,4680,4680,881,4675,756,22,116674,GMT+8
ticks,1499259970284000000,i1709,4675,4680,881,4675,750,18,116692,GMT+8
ticks,1499259970899000000,i1709,4680,4680,880,4675,760,14,116706,GMT+8
ticks,1499259971353000000,i1709,4680,4680,888,4675,763,52,116758,GMT+8
ticks,1499259971911000000,i1709,4680,4680,852,4675,769,90,116848,GMT+8
ticks,1499259972407000000,i1709,4675,4680,888,4675,769,36,116884,GMT+8
ticks,1499259972885000000,i1709,4675,4680,894,4675,759,22,116906,GMT+8
ticks,1499259973378000000,i1709,4680,4680,868,4675,760,66,116972,GMT+8
ticks,1499259973865000000,i1709,4680,4680,862,4675,757,20,116992,GMT+8
ticks,1499259974904000000,i1709,4675,4680,861,4675,753,28,117020,GMT+8
ticks,1499259975332000000,i1709,4680,4680,860,4675,756,2,117022,GMT+8
ticks,1499259975892000000,i1709,4680,4680,859,4675,808,4,117026,GMT+8
ticks,1499259976382000000,i1709,4675,4680,863,4675,807,4,117030,GMT+8
ticks,1499259976821000000,i1709,4675,4680,876,4675,812,4,117034,GMT+8
ticks,1499259977401000000,i1709,4675,4680,875,4675,813,2,117036,GMT+8
ticks,1499259977888000000,i1709,4675,4680,870,4675,824,10,117046,GMT+8
ticks,1499259978382000000,i1709,4680,4680,843,4675,830,60,117106,GMT+8
ticks,1499259978800000000,i1709,4680,4680,843,4675,823,12,117118,GMT+8
ticks,1499259979409000000,i1709,4675,4680,844,4675,800,46,117164,GMT+8
ticks,1499259979899000000,i1709,4680,4680,859,4675,804,4,117168,GMT+8
ticks,1499259980350000000,i1709,4675,4680,860,4675,804,2,117170,GMT+8
ticks,1499259980879000000,i1709,4680,4680,880,4675,805,12,117182,GMT+8
ticks,1499259981390000000,i1709,4680,4680,915,4675,806,2,117184,GMT+8
ticks,1499259981867000000,i1709,4675,4680,928,4675,804,4,117188,GMT+8
ticks,1499259982380000000,i1709,4680,4680,986,4675,806,6,117194,GMT+8
ticks,1499259982750000000,i1709,4675,4680,989,4675,806,2,117196,GMT+8
ticks,1499259983371000000,i1709,4675,4680,990,4675,901,10,117206,GMT+8
ticks,1499259983881000000,i1709,4675,4680,991,4675,901,8,117214,GMT+8
ticks,1499259984400000000,i1709,4675,4680,993,4675,891,34,117248,GMT+8
ticks,1499259984868000000,i1709,4680,4680,997,4675,885,4,117252,GMT+8
ticks,1499259985380000000,i1709,4675,4680,1022,4675,878,16,117268,GMT+8
ticks,1499259985887000000,i1709,4675,4680,1032,4675,799,164,117432,GMT+8
ticks,1499259986382000000,i1709,4675,4680,1034,4675,797,4,117436,GMT+8
ticks,1499259986877000000,i1709,4675,4680,1032,4675,582,436,117872,GMT+8
ticks,1499259987410000000,i1709,4675,4680,1050,4675,500,50,117922,GMT+8
ticks,1499259987885000000,i1709,4675,4680,1050,4675,445,112,118034,GMT+8
ticks,1499259988405000000,i1709,4675,4680,1057,4675,222,446,118480,GMT+8
ticks,1499259988822000000,i1709,4670,4675,297,4670,1533,456,118936,GMT+8
ticks,1499259989403000000,i1709,4670,4675,563,4670,1526,24,118960,GMT+8
ticks,1499259989889000000,i1709,4670,4675,569,4670,1519,16,118976,GMT+8
ticks,1499259990411000000,i1709,4670,4675,580,4670,1515,6,118982,GMT+8
ticks,1499259990888000000,i1709,4670,4675,579,4670,1504,22,119004,GMT+8
ticks,1499259991394000000,i1709,4675,4675,656,4670,1496,48,119052,GMT+8
ticks,1499259991840000000,i1709,4670,4675,656,4670,1410,168,119220,GMT+8
ticks,1499259992353000000,i1709,4670,4675,662,4670,1416,10,119230,GMT+8
ticks,1499259992872000000,i1709,4675,4675,671,4670,1353,40,119270,GMT+8
ticks,1499259993384000000,i1709,4670,4675,750,4670,1203,184,119454,GMT+8
ticks,1499259993909000000,i1709,4675,4675,751,4670,970,218,119672,GMT+8
ticks,1499259994411000000,i1709,4670,4675,773,4670,934,52,119724,GMT+8
ticks,1499259994903000000,i1709,4670,4675,775,4670,935,6,119730,GMT+8
ticks,1499259995363000000,i1709,4675,4675,786,4670,921,14,119744,GMT+8
ticks,1499259995861000000,i1709,4675,4675,789,4670,923,2,119746,GMT+8
ticks,1499259996411000000,i1709,4670,4675,779,4670,953,22,119768,GMT+8
ticks,1499259996894000000,i1709,4670,4675,767,4670,953,36,119804,GMT+8
ticks,1499259997373000000,i1709,4670,4675,768,4670,1022,6,119810,GMT+8
ticks,1499259997880000000,i1709,4670,4675,770,4670,966,122,119932,GMT+8
ticks,1499259998403000000,i1709,4675,4675,741,4670,964,68,120000,GMT+8
ticks,1499259998911000000,i1709,4670,4675,736,4670,956,38,120038,GMT+8
ticks,1499259999406000000,i1709,4670,4675,738,4670,985,32,120070,GMT+8
ticks,1499259999801000000,i1709,4670,4675,742,4670,979,14,120084,GMT+8
ticks,1499260000395000000,i1709,4670,4675,748,4670,1004,46,120130,GMT+8
ticks,1499260000834000000,i1709,4670,4675,747,4670,993,28,120158,GMT+8
ticks,1499260001380000000,i1709,4670,4675,561,4670,1050,444,120602,GMT+8
ticks,1499260001872000000,i1709,4670,4675,564,4670,1067,80,120682,GMT+8
ticks,1499260002397000000,i1709,4670,4675,583,4670,1073,4,120686,GMT+8
ticks,1499260002879000000,i1709,4670,4675,602,4670,541,1074,121760,GMT+8
ticks,1499260003402000000,i1709,4675,4675,591,4670,472,170,121930,GMT+8
ticks,1499260003866000000,i1709,4675,4675,602,4670,513,12,121942,GMT+8
ticks,1499260004349000000,i1709,4670,4675,624,4670,559,6,121948,GMT+8
ticks,1499260004883000000,i1709,4670,4675,624,4670,563,24,121972,GMT+8
ticks,1499260005370000000,i1709,4670,4675,634,4670,574,6,121978,GMT+8
ticks,1499260005882000000,i1709,4670,4675,634,4670,542,62,122040,GMT+8
ticks,1499260006401000000,i1709,4670,4675,635,4670,571,18,122058,GMT+8
ticks,1499260006907000000,i1709,4670,4675,631,4670,444,298,122356,GMT+8
ticks,1499260007409000000,i1709,4670,4675,632,4670,198,596,122952,GMT+8
ticks,1499260007899000000,i1709,4670,4675,743,4670,320,204,123156,GMT+8
ticks,1499260008411000000,i1709,4670,4675,743,4670,259,84,123240,GMT+8
ticks,1499260008879000000,i1709,4675,4675,751,4670,538,68,123308,GMT+8
ticks,1499260009393000000,i1709,4670,4675,809,4670,596,38,123346,GMT+8
ticks,1499260009812000000,i1709,4670,4675,811,4670,495,232,123578,GMT+8
ticks,1499260010410000000,i1709,4670,4675,811,4670,503,6,123584,GMT+8
ticks,1499260010899000000,i1709,4670,4675,836,4670,506,12,123596,GMT+8
ticks,1499260011411000000,i1709,4670,4670,348,4665,1171,1018,124614,GMT+8
ticks,1499260011882000000,i1709,4670,4670,514,4665,1161,10,124624,GMT+8
ticks,1499260012371000000,i1709,4670,4670,615,4665,1104,130,124754,GMT+8
ticks,1499260012886000000,i1709,4670,4670,693,4665,1013,74,124828,GMT+8
ticks,1499260013387000000,i1709,4665,4670,695,4665,1004,10,124838,GMT+8
ticks,1499260013890000000,i1709,4665,4670,637,4665,999,158,124996,GMT+8
ticks,1499260014401000000,i1709,4670,4670,638,4665,992,32,125028,GMT+8
ticks,1499260014897000000,i1709,4665,4670,581,4665,939,330,125358,GMT+8
ticks,1499260015366000000,i1709,4670,4670,677,4665,1025,60,125418,GMT+8
ticks,1499260015897000000,i1709,4665,4670,675,4665,991,80,125498,GMT+8
ticks,1499260016382000000,i1709,4665,4670,676,4665,950,34,125532,GMT+8
ticks,1499260016908000000,i1709,4670,4670,689,4665,967,14,125546,GMT+8
ticks,1499260017381000000,i1709,4665,4670,766,4665,976,6,125552,GMT+8
ticks,1499260017905000000,i1709,4670,4670,766,4665,963,34,125586,GMT+8
ticks,1499260018351000000,i1709,4665,4670,768,4665,889,150,125736,GMT+8
ticks,1499260018885000000,i1709,4665,4670,777,4665,864,44,125780,GMT+8
ticks,1499260019396000000,i1709,4665,4670,815,4665,839,52,125832,GMT+8
ticks,1499260019888000000,i1709,4665,4670,816,4665,759,162,125994,GMT+8
ticks,1499260020407000000,i1709,4665,4670,845,4665,781,4,125998,GMT+8
ticks,1499260020901000000,i1709,4665,4670,855,4665,754,60,126058,GMT+8
ticks,1499260021286000000,i1709,4665,4670,870,4665,775,118,126176,GMT+8
ticks,1499260021911000000,i1709,4670,4670,864,4665,824,40,126216,GMT+8
ticks,1499260022410000000,i1709,4670,4670,873,4665,724,30,126246,GMT+8
ticks,1499260022864000000,i1709,4670,4670,892,4665,682,180,126426,GMT+8
ticks,1499260023392000000,i1709,4665,4670,904,4665,688,58,126484,GMT+8
ticks,1499260023894000000,i1709,4665,4670,904,4665,617,126,126610,GMT+8
ticks,1499260024378000000,i1709,4665,4670,928,4665,649,22,126632,GMT+8
ticks,1499260024904000000,i1709,4670,4670,922,4665,641,18,126650,GMT+8
ticks,1499260025362000000,i1709,4665,4670,931,4665,664,36,126686,GMT+8
ticks,1499260025902000000,i1709,4665,4670,940,4665,689,10,126696,GMT+8
ticks,1499260026367000000,i1709,4665,4670,960,4665,693,28,126724,GMT+8
ticks,1499260026910000000,i1709,4670,4670,939,4665,690,62,126786,GMT+8
ticks,1499260027387000000,i1709,4665,4670,946,4665,683,18,126804,GMT+8
ticks,1499260027865000000,i1709,4665,4670,972,4665,739,16,126820,GMT+8
ticks,1499260028342000000,i1709,4670,4670,971,4665,745,4,126824,GMT+8
ticks,1499260028891000000,i1709,4670,4670,983,4665,798,8,126832,GMT+8
ticks,1499260029398000000,i1709,4670,4670,1004,4665,798,20,126852,GMT+8
ticks,1499260029891000000,i1709,4665,4670,1004,4665,806,18,126870,GMT+8
ticks,1499260030411000000,i1709,4665,4670,1005,4665,865,10,126880,GMT+8
ticks,1499260030883000000,i1709,4665,4670,1005,4665,834,62,126942,GMT+8
ticks,1499260031409000000,i1709,4665,4670,1003,4665,867,20,126962,GMT+8
ticks,1499260031880000000,i1709,4665,4670,1002,4665,871,6,126968,GMT+8
ticks,1499260032390000000,i1709,4665,4670,1005,4665,956,32,127000,GMT+8
ticks,1499260032910000000,i1709,4665,4670,1005,4665,941,48,127048,GMT+8
ticks,1499260033402000000,i1709,4670,4670,1005,4665,964,8,127056,GMT+8
ticks,1499260033904000000,i1709,4670,4670,1000,4665,1012,22,127078,GMT+8
ticks,1499260034408000000,i1709,4670,4670,1001,4665,1011,66,127144,GMT+8
ticks,1499260034806000000,i1709,4665,4670,1001,4665,993,12,127156,GMT+8
ticks,1499260035359000000,i1709,4670,4670,990,4665,998,24,127180,GMT+8
ticks,1499260035826000000,i1709,4665,4670,994,4665,948,116,127296,GMT+8
ticks,1499260036403000000,i1709,4665,4670,954,4665,939,104,127400,GMT+8
ticks,1499260036896000000,i1709,4670,4670,974,4665,934,12,127412,GMT+8
ticks,1499260037351000000,i1709,4670,4670,989,4665,918,6,127418,GMT+8
ticks,1499260037882000000,i1709,4670,4670,912,4665,916,14,127432,GMT+8
ticks,1499260038339000000,i1709,4670,4670,806,4665,929,220,127652,GMT+8
ticks,1499260038893000000,i1709,4665,4670,804,4665,937,4,127656,GMT+8
ticks,1499260039406000000,i1709,4665,4670,901,4665,935,42,127698,GMT+8
ticks,1499260039801000000,i1709,4670,4670,876,4665,933,42,127740,GMT+8
ticks,1499260040281000000,i1709,4665,4670,853,4665,928,62,127802,GMT+8
ticks,1499260040866000000,i1709,4665,4670,876,4665,929,2,127804,GMT+8
ticks,1499260041340000000,i1709,4670,4670,1077,4665,931,34,127838,GMT+8
ticks,1499260041908000000,i1709,4665,4670,1065,4665,936,34,127872,GMT+8
ticks,1499260042385000000,i1709,4670,4670,1075,4665,951,6,127878,GMT+8
ticks,1499260042863000000,i1709,4670,4670,1073,4665,955,2,127880,GMT+8
ticks,1499260043411000000,i1709,4670,4670,1061,4665,935,62,127942,GMT+8
ticks,1499260043891000000,i1709,4665,4670,1059,4665,1239,20,127962,GMT+8
ticks,1499260044399000000,i1709,4665,4670,1092,4665,1238,10,127972,GMT+8
ticks,1499260044900000000,i1709,4670,4670,1099,4665,1239,4,127976,GMT+8
ticks,1499260045409000000,i1709,4665,4670,1091,4665,1242,4,127980,GMT+8
ticks,1499260045853000000,i1709,4670,4670,1088,4665,1243,6,127986,GMT+8
ticks,1499260046404000000,i1709,4665,4670,1079,4665,1240,14,128000,GMT+8
ticks,1499260046900000000,i1709,4670,4670,974,4665,1255,18,128018,GMT+8
ticks,1499260047387000000,i1709,4670,4675,1008,4670,1250,2078,130096,GMT+8
ticks,1499260047896000000,i1709,4670,4675,818,4670,1394,28,130124,GMT+8
ticks,1499260048410000000,i1709,4670,4675,814,4670,1463,6,130130,GMT+8
ticks,1499260048899000000,i1709,4670,4675,803,4670,1435,52,130182,GMT+8
ticks,1499260049385000000,i1709,4670,4675,802,4670,1440,18,130200,GMT+8
ticks,1499260049813000000,i1709,4675,4675,799,4670,1432,8,130208,GMT+8
ticks,1499260050398000000,i1709,4670,4675,895,4670,1394,82,130290,GMT+8
ticks,1499260050888000000,i1709,4670,4675,925,4670,1370,44,130334,GMT+8
ticks,1499260051407000000,i1709,4670,4675,939,4670,1308,138,130472,GMT+8
ticks,1499260051908000000,i1709,4670,4675,941,4670,1279,120,130592,GMT+8
ticks,1499260052398000000,i1709,4675,4675,939,4670,1280,6,130598,GMT+8
ticks,1499260052805000000,i1709,4675,4675,968,4670,1379,2,130600,GMT+8
ticks,1499260053401000000,i1709,4670,4675,983,4670,1377,4,130604,GMT+8
ticks,1499260053909000000,i1709,4670,4675,1002,4670,1323,122,130726,GMT+8
ticks,1499260054403000000,i1709,4675,4675,982,4670,1321,10,130736,GMT+8
ticks,1499260054871000000,i1709,4670,4675,989,4670,1311,26,130762,GMT+8
ticks,1499260055399000000,i1709,4675,4675,987,4670,1364,24,130786,GMT+8
ticks,1499260055905000000,i1709,4670,4675,1008,4670,1369,12,130798,GMT+8
ticks,1499260056404000000,i1709,4675,4675,710,4670,1374,416,131214,GMT+8
ticks,1499260056873000000,i1709,4670,4675,709,4670,1374,6,131220,GMT+8
ticks,1499260057396000000,i1709,4675,4675,631,4670,1405,162,131382,GMT+8
ticks,1499260057878000000,i1709,4675,4675,607,4670,1399,76,131458,GMT+8
ticks,1499260058369000000,i1709,4675,4675,272,4670,1428,664,132122,GMT+8
ticks,1499260058889000000,i1709,4680,4680,1125,4675,645,566,132688,GMT+8
ticks,1499260059409000000,i1709,4680,4680,1096,4675,971,58,132746,GMT+8
ticks,1499260059886000000,i1709,4675,4680,1103,4675,968,28,132774,GMT+8
ticks,1499260060399000000,i1709,4675,4680,1104,4675,952,42,132816,GMT+8
ticks,1499260060885000000,i1709,4675,4680,1103,4675,955,10,132826,GMT+8
ticks,1499260061386000000,i1709,4675,4680,1101,4675,954,2,132828,GMT+8
ticks,1499260061805000000,i1709,4675,4680,1100,4675,952,0,132828,GMT+8
ticks,1499260062411000000,i1709,4675,4680,1079,4675,957,44,132872,GMT+8
ticks,1499260062910000000,i1709,4680,4680,1101,4675,816,32,132904,GMT+8
ticks,1499260063402000000,i1709,4680,4680,1135,4675,852,12,132916,GMT+8
ticks,1499260063881000000,i1709,4675,4680,1130,4675,858,22,132938,GMT+8
ticks,1499260064393000000,i1709,4675,4680,1130,4675,857,4,132942,GMT+8
ticks,1499260064897000000,i1709,4680,4680,1135,4675,856,4,132946,GMT+8
ticks,1499260065381000000,i1709,4675,4680,1129,4675,852,20,132966,GMT+8
ticks,1499260065912000000,i1709,4680,4680,1131,4675,853,2,132968,GMT+8
ticks,1499260066407000000,i1709,4675,4680,1131,4675,852,4,132972,GMT+8
ticks,1499260066875000000,i1709,4675,4680,1143,4675,854,0,132972,GMT+8
ticks,1499260067402000000,i1709,4675,4680,1135,4675,857,28,133000,GMT+8
ticks,1499260067869000000,i1709,4675,4680,1125,4675,869,0,133000,GMT+8
ticks,1499260068390000000,i1709,4680,4680,1101,4675,870,4,133004,GMT+8
ticks,1499260068885000000,i1709,4675,4680,1111,4675,846,52,133056,GMT+8
ticks,1499260069385000000,i1709,4680,4680,1110,4675,852,12,133068,GMT+8
ticks,1499260069827000000,i1709,4675,4680,1112,4675,847,2,133070,GMT+8
ticks,1499260070357000000,i1709,4680,4680,1097,4675,838,50,133120,GMT+8
ticks,1499260070797000000,i1709,4680,4680,1100,4675,862,4,133124,GMT+8
ticks,1499260071406000000,i1709,4675,4680,1104,4675,861,4,133128,GMT+8
ticks,1499260071856000000,i1709,4680,4680,1103,4675,868,2,133130,GMT+8
ticks,1499260072410000000,i1709,4675,4680,1059,4675,873,86,133216,GMT+8
ticks,1499260072886000000,i1709,4680,4680,1152,4675,873,14,133230,GMT+8
ticks,1499260073374000000,i1709,4675,4680,1081,4675,849,62,133292,GMT+8
ticks,1499260073901000000,i1709,4680,4680,1086,4675,855,4,133296,GMT+8
ticks,1499260074401000000,i1709,4680,4680,1116,4675,855,12,133308,GMT+8
ticks,1499260074911000000,i1709,4680,4680,1111,4675,897,10,133318,GMT+8
ticks,1499260075401000000,i1709,4680,4680,1185,4675,899,4,133322,GMT+8
ticks,1499260075868000000,i1709,4675,4680,1185,4675,892,14,133336,GMT+8
ticks,1499260076396000000,i1709,4675,4680,1189,4675,869,52,133388,GMT+8
ticks,1499260076908000000,i1709,4675,4680,1173,4675,875,36,133424,GMT+8
ticks,1499260077399000000,i1709,4680,4680,1173,4675,885,6,133430,GMT+8
ticks,1499260077828000000,i1709,4675,4680,1258,4675,879,12,133442,GMT+8
ticks,1499260078387000000,i1709,4680,4680,1280,4675,812,64,133506,GMT+8
ticks,1499260078910000000,i1709,4680,4680,1260,4675,816,40,133546,GMT+8
ticks,1499260079410000000,i1709,4675,4680,1258,4675,818,18,133564,GMT+8
ticks,1499260079865000000,i1709,4680,4680,1267,4675,821,2,133566,GMT+8
ticks,1499260080261000000,i1709,4680,4680,1281,4675,821,0,133566,GMT+8
ticks,1499260080905000000,i1709,4680,4680,1278,4675,821,8,133574,GMT+8
ticks,1499260081403000000,i1709,4680,4680,1337,4675,820,6,133580,GMT+8
ticks,1499260081808000000,i1709,4680,4680,1343,4675,821,0,133580,GMT+8
ticks,1499260082297000000,i1709,4675,4680,1358,4675,823,24,133604,GMT+8
ticks,1499260082910000000,i1709,4680,4680,1356,4675,825,2,133606,GMT+8
ticks,1499260083404000000,i1709,4680,4680,1347,4675,816,24,133630,GMT+8
ticks,1499260083829000000,i1709,4680,4680,1344,4675,812,4,133634,GMT+8
ticks,1499260084397000000,i1709,4675,4680,1351,4675,794,38,133672,GMT+8
ticks,1499260084900000000,i1709,4675,4680,1353,4675,793,2,133674,GMT+8
ticks,1499260085383000000,i1709,4675,4680,1355,4675,812,2,133676,GMT+8
ticks,1499260085877000000,i1709,4680,4680,1355,4675,811,2,133678,GMT+8
ticks,1499260086315000000,i1709,4675,4680,1356,4675,810,2,133680,GMT+8
ticks,1499260086904000000,i1709,4680,4680,1361,4675,807,6,133686,GMT+8
ticks,1499260087351000000,i1709,4675,4680,1362,4675,806,2,133688,GMT+8
ticks,1499260087843000000,i1709,4675,4680,1366,4675,797,20,133708,GMT+8
ticks,1499260088374000000,i1709,4680,4680,1351,4675,797,40,133748,GMT+8
ticks,1499260088889000000,i1709,4680,4680,1352,4675,797,2,133750,GMT+8
ticks,1499260089378000000,i1709,4675,4680,1372,4675,786,42,133792,GMT+8
ticks,1499260089895000000,i1709,4675,4680,1372,4675,781,12,133804,GMT+8
ticks,1499260090310000000,i1709,4680,4680,1268,4675,787,208,134012,GMT+8
ticks,1499260090837000000,i1709,4680,4680,1267,4675,787,4,134016,GMT+8
ticks,1499260091350000000,i1709,4680,4680,1263,4675,837,10,134026,GMT+8
ticks,1499260091908000000,i1709,4680,4680,1260,4675,819,48,134074,GMT+8
ticks,1499260092345000000,i1709,4680,4680,1250,4675,820,0,134074,GMT+8
ticks,1499260092869000000,i1709,4675,4680,1282,4675,819,2,134076,GMT+8
ticks,1499260093306000000,i1709,4675,4680,1287,4675,817,2,134078,GMT+8
ticks,1499260093893000000,i1709,4675,4680,1293,4675,816,2,134080,GMT+8
ticks,1499260094401000000,i1709,4675,4680,1294,4675,814,8,134088,GMT+8
ticks,1499260094787000000,i1709,4680,4680,1288,4675,819,16,134104,GMT+8
ticks,1499260095326000000,i1709,4680,4680,1287,4675,820,6,134110,GMT+8
ticks,1499260095841000000,i1709,4680,4680,1276,4675,821,2,134112,GMT+8
ticks,1499260096396000000,i1709,4675,4680,1273,4675,822,2,134114,GMT+8
ticks,1499260096798000000,i1709,4675,4680,1375,4675,824,2,134116,GMT+8
ticks,1499260097405000000,i1709,4680,4680,1378,4675,873,16,134132,GMT+8
ticks,1499260097883000000,i1709,4675,4680,1379,4675,855,42,134174,GMT+8
ticks,1499260098320000000,i1709,4680,4680,1322,4675,866,118,134292,GMT+8
ticks,1499260098905000000,i1709,4680,4680,1321,4675,867,6,134298,GMT+8
ticks,1499260099341000000,i1709,4675,4680,1320,4675,868,2,134300,GMT+8
ticks,1499260099896000000,i1709,4680,4680,1325,4675,877,4,134304,GMT+8
ticks,1499260100401000000,i1709,4680,4680,1312,4675,874,96,134400,GMT+8
ticks,1499260100866000000,i1709,4675,4680,1314,4675,877,4,134404,GMT+8
ticks,1499260101386000000,i1709,4675,4680,1334,4675,867,20,134424,GMT+8
ticks,1499260101902000000,i1709,4675,4680,1336,4675,846,42,134466,GMT+8
ticks,1499260102351000000,i1709,4680,4680,1343,4675,842,14,134480,GMT+8
ticks,1499260102848000000,i1709,4675,4675,879,4670,1552,1484,135964,GMT+8
ticks,1499260103403000000,i1709,4670,4675,1087,4670,1255,32,135996,GMT+8
ticks,1499260103899000000,i1709,4675,4675,1161,4670,1225,8,136004,GMT+8
ticks,1499260104371000000,i1709,4675,4675,1169,4670,1233,28,136032,GMT+8
ticks,1499260104883000000,i1709,4675,4675,846,4670,1277,2,136034,GMT+8
ticks,1499260105382000000,i1709,4675,4675,763,4670,1496,6,136040,GMT+8
ticks,1499260105899000000,i1709,4670,4675,564,4670,1486,422,136462,GMT+8
ticks,1499260106410000000,i1709,4675,4675,352,4670,1524,258,136720,GMT+8
ticks,1499260106911000000,i1709,4675,4675,304,4670,1544,120,136840,GMT+8
ticks,1499260107412000000,i1709,4675,4675,326,4670,1547,16,136856,GMT+8
ticks,1499260107891000000,i1709,4675,4675,359,4670,1547,0,136856,GMT+8
ticks,1499260108331000000,i1709,4675,4675,360,4670,1559,4,136860,GMT+8
ticks,1499260108912000000,i1709,4675,4680,1370,4675,77,794,137654,GMT+8
ticks,1499260109346000000,i1709,4675,4675,266,4670,1563,182,137836,GMT+8
ticks,1499260109908000000,i1709,4670,4675,272,4670,1574,8,137844,GMT+8
ticks,1499260110344000000,i1709,4675,4675,281,4670,1552,4,137848,GMT+8
ticks,1499260110901000000,i1709,4675,4675,307,4670,1524,12,137860,GMT+8
ticks,1499260111360000000,i1709,4675,4675,290,4670,1525,34,137894,GMT+8
ticks,1499260111878000000,i1709,4675,4680,1380,4675,119,558,138452,GMT+8
ticks,1499260112375000000,i1709,4675,4680,1376,4675,360,2,138454,GMT+8
ticks,1499260112892000000,i1709,4675,4680,1289,4675,725,12,138466,GMT+8
ticks,1499260113404000000,i1709,4675,4680,1274,4675,892,30,138496,GMT+8
ticks,1499260113777000000,i1709,4675,4680,1226,4675,889,8,138504,GMT+8
ticks,1499260114356000000,i1709,4675,4680,1227,4675,893,30,138534,GMT+8
ticks,1499260114872000000,i1709,4675,4680,1228,4675,833,38,138572,GMT+8
ticks,1499260115346000000,i1709,4675,4680,1227,4675,897,2,138574,GMT+8
ticks,1499260115902000000,i1709,4675,4680,1228,4675,884,26,138600,GMT+8
ticks,1499260116261000000,i1709,4675,4680,1234,4675,764,242,138842,GMT+8
ticks,1499260116906000000,i1709,4675,4680,1234,4675,764,2,138844,GMT+8
ticks,1499260117345000000,i1709,4675,4680,1235,4675,760,8,138852,GMT+8
ticks,1499260117900000000,i1709,4675,4680,1254,4675,634,30,138882,GMT+8
ticks,1499260118338000000,i1709,4675,4680,1264,4675,596,0,138882,GMT+8
ticks,1499260118905000000,i1709,4675,4680,1270,4675,593,6,138888,GMT+8
ticks,1499260119327000000,i1709,4680,4680,1267,4675,588,18,138906,GMT+8
ticks,1499260119905000000,i1709,4675,4680,1266,4675,591,8,138914,GMT+8
ticks,1499260120377000000,i1709,4675,4680,1268,4675,615,2,138916,GMT+8
ticks,1499260120908000000,i1709,4675,4680,1259,4675,714,6,138922,GMT+8
ticks,1499260121407000000,i1709,4675,4680,1260,4675,811,6,138928,GMT+8
ticks,1499260121860000000,i1709,4675,4680,1268,4675,801,22,138950,GMT+8
ticks,1499260122402000000,i1709,4680,4680,1270,4675,804,6,138956,GMT+8
ticks,1499260122837000000,i1709,4680,4680,1267,4675,802,6,138962,GMT+8
ticks,1499260123409000000,i1709,4680,4680,1276,4675,802,4,138966,GMT+8
ticks,1499260123851000000,i1709,4680,4680,1277,4675,803,0,138966,GMT+8
ticks,1499260124367000000,i1709,4675,4680,1275,4675,714,200,139166,GMT+8
ticks,1499260124821000000,i1709,4675,4680,1275,4675,717,4,139170,GMT+8
ticks,1499260125373000000,i1709,4680,4680,1269,4675,717,6,139176,GMT+8
ticks,1499260125848000000,i1709,4675,4680,1266,4675,718,12,139188,GMT+8
ticks,1499260126397000000,i1709,4675,4680,1261,4675,713,10,139198,GMT+8
ticks,1499260126888000000,i1709,4680,4680,1269,4675,714,2,139200,GMT+8
ticks,1499260127408000000,i1709,4680,4680,1283,4675,734,6,139206,GMT+8
ticks,1499260127881000000,i1709,4680,4680,1237,4675,734,0,139206,GMT+8
ticks,1499260128401000000,i1709,4675,4680,1237,4675,734,2,139208,GMT+8
ticks,1499260128869000000,i1709,4680,4680,1245,4675,740,2,139210,GMT+8
ticks,1499260129381000000,i1709,4675,4680,1267,4675,735,10,139220,GMT+8
ticks,1499260129801000000,i1709,4680,4680,1260,4675,739,14,139234,GMT+8
ticks,1499260130355000000,i1709,4675,4680,1262,4675,751,2,139236,GMT+8
ticks,1499260130912000000,i1709,4680,4680,1312,4675,751,12,139248,GMT+8
ticks,1499260131289000000,i1709,4675,4680,1312,4675,748,6,139254,GMT+8
ticks,1499260131900000000,i1709,4675,4680,1325,4675,731,42,139296,GMT+8
ticks,1499260132377000000,i1709,4680,4680,1323,4675,742,44,139340,GMT+8
ticks,1499260132906000000,i1709,4680,4680,1360,4675,742,8,139348,GMT+8
ticks,1499260133388000000,i1709,4680,4680,1399,4675,745,0,139348,GMT+8
ticks,1499260133901000000,i1709,4680,4680,1395,4675,745,12,139360,GMT+8
ticks,1499260134861000000,i1709,4680,4680,1402,4675,751,2,139362,GMT+8
ticks,1499260135400000000,i1709,4675,4675,236,4670,1691,1502,140864,GMT+8
ticks,1499260135855000000,i1709,4675,4675,298,4670,1666,6,140870,GMT+8
ticks,1499260136366000000,i1709,4675,4675,354,4670,1667,14,140884,GMT+8
ticks,1499260136841000000,i1709,4675,4680,1541,4675,53,712,141596,GMT+8
ticks,1499260137368000000,i1709,4675,4680,1560,4675,49,14,141610,GMT+8
ticks,1499260137887000000,i1709,4675,4675,89,4670,1484,98,141708,GMT+8
ticks,1499260138360000000,i1709,4675,4675,87,4670,1484,16,141724,GMT+8
ticks,1499260138831000000,i1709,4670,4675,177,4670,1485,2,141726,GMT+8
ticks,1499260139363000000,i1709,4675,4675,151,4670,1482,10,141736,GMT+8
ticks,1499260139907000000,i1709,4675,4675,54,4670,1483,182,141918,GMT+8
ticks,1499260140393000000,i1709,4675,4680,1569,4675,216,116,142034,GMT+8
ticks,1499260140891000000,i1709,4675,4680,1569,4675,206,8,142042,GMT+8
ticks,1499260141377000000,i1709,4675,4680,1558,4675,518,28,142070,GMT+8
ticks,1499260141900000000,i1709,4675,4680,1553,4675,618,2,142072,GMT+8
ticks,1499260142363000000,i1709,4680,4680,1551,4675,620,4,142076,GMT+8
ticks,1499260142848000000,i1709,4675,4680,1548,4675,654,14,142090,GMT+8
ticks,1499260143353000000,i1709,4675,4680,1540,4675,667,10,142100,GMT+8
ticks,1499260143859000000,i1709,4680,4680,1543,4675,654,32,142132,GMT+8
ticks,1499260144393000000,i1709,4675,4680,1539,4675,651,24,142156,GMT+8
ticks,1499260144882000000,i1709,4675,4680,1543,4675,649,6,142162,GMT+8
ticks,1499260145397000000,i1709,4675,4680,1550,4675,655,30,142192,GMT+8
ticks,1499260145797000000,i1709,4675,4680,1548,4675,654,8,142200,GMT+8
ticks,1499260146399000000,i1709,4675,4680,1577,4675,794,2,142202,GMT+8
ticks,1499260146864000000,i1709,4675,4680,1582,4675,939,2,142204,GMT+8
ticks,1499260147402000000,i1709,4680,4680,1579,4675,939,14,142218,GMT+8
ticks,1499260147889000000,i1709,4675,4680,1578,4675,1010,8,142226,GMT+8
ticks,1499260148388000000,i1709,4675,4680,1564,4675,1028,12,142238,GMT+8
ticks,1499260148850000000,i1709,4675,4680,1462,4675,1057,2,142240,GMT+8
ticks,1499260149372000000,i1709,4675,4680,1421,4675,1058,2,142242,GMT+8
ticks,1499260149777000000,i1709,4675,4680,1475,4675,1057,4,142246,GMT+8
ticks,1499260150369000000,i1709,4675,4680,1484,4675,1059,6,142252,GMT+8
ticks,1499260150763000000,i1709,4675,4680,1487,4675,1079,2,142254,GMT+8
ticks,1499260151402000000,i1709,4680,4680,1244,4675,1100,470,142724,GMT+8
ticks,1499260151895000000,i1709,4675,4680,1244,4675,1162,2,142726,GMT+8
ticks,1499260152402000000,i1709,4675,4680,1135,4675,1159,226,142952,GMT+8
ticks,1499260152851000000,i1709,4680,4680,1134,4675,1160,8,142960,GMT+8
ticks,1499260153365000000,i1709,4680,4680,1137,4675,1163,2,142962,GMT+8
ticks,1499260153906000000,i1709,4680,4680,1137,4675,1167,0,142962,GMT+8
ticks,1499260154411000000,i1709,4675,4680,1141,4675,1173,16,142978,GMT+8
ticks,1499260154732000000,i1709,4680,4680,1141,4675,1173,2,142980,GMT+8
ticks,1499260155410000000,i1709,4675,4680,1142,4675,1161,26,143006,GMT+8
ticks,1499260155908000000,i1709,4675,4680,1141,4675,1190,4,143010,GMT+8
ticks,1499260156403000000,i1709,4675,4680,1146,4675,1201,0,143010,GMT+8
ticks,1499260156829000000,i1709,4675,4680,1147,4675,1212,0,143010,GMT+8
ticks,1499260157363000000,i1709,4680,4680,1144,4675,1214,8,143018,GMT+8
ticks,1499260157800000000,i1709,4680,4680,1128,4675,1219,0,143018,GMT+8
ticks,1499260158379000000,i1709,4680,4680,1044,4675,1220,148,143166,GMT+8
ticks,1499260158874000000,i1709,4680,4680,1000,4675,1231,62,143228,GMT+8
ticks,1499260159370000000,i1709,4680,4680,976,4675,1235,48,143276,GMT+8
ticks,1499260159853000000,i1709,4680,4680,975,4675,1226,4,143280,GMT+8
ticks,1499260160389000000,i1709,4680,4680,831,4675,1226,286,143566,GMT+8
ticks,1499260160884000000,i1709,4680,4680,813,4675,1226,34,143600,GMT+8
ticks,1499260161399000000,i1709,4680,4680,761,4675,1208,120,143720,GMT+8
ticks,1499260161835000000,i1709,4680,4680,745,4675,1204,40,143760,GMT+8
ticks,1499260162322000000,i1709,4680,4680,736,4675,1204,8,143768,GMT+8
ticks,1499260162860000000,i1709,4680,4680,733,4675,1216,4,143772,GMT+8
ticks,1499260163281000000,i1709,4680,4680,712,4675,1229,42,143814,GMT+8
ticks,1499260163894000000,i1709,4680,4680,706,4675,1337,10,143824,GMT+8
ticks,1499260164404000000,i1709,4680,4680,694,4675,1333,28,143852,GMT+8
ticks,1499260164837000000,i1709,4680,4680,686,4675,1354,18,143870,GMT+8
ticks,1499260165357000000,i1709,4680,4680,660,4675,1356,56,143926,GMT+8
ticks,1499260165903000000,i1709,4680,4680,617,4675,1357,6,143932,GMT+8
ticks,1499260166317000000,i1709,4680,4680,573,4675,1366,92,144024,GMT+8
ticks,1499260166910000000,i1709,4680,4680,548,4675,1383,50,144074,GMT+8
ticks,1499260167374000000,i1709,4680,4680,425,4675,1421,226,144300,GMT+8
ticks,1499260167893000000,i1709,4675,4680,405,4675,1418,28,144328,GMT+8
ticks,1499260168397000000,i1709,4680,4680,356,4675,1425,118,144446,GMT+8
ticks,1499260168871000000,i1709,4680,4680,65,4675,1450,638,145084,GMT+8
ticks,1499260169372000000,i1709,4680,4685,952,4680,233,128,145212,GMT+8
ticks,1499260169872000000,i1709,4685,4685,951,4680,251,4,145216,GMT+8
ticks,1499260170371000000,i1709,4680,4685,937,4680,250,34,145250,GMT+8
ticks,1499260170908000000,i1709,4685,4685,933,4680,256,12,145262,GMT+8
ticks,1499260171406000000,i1709,4685,4685,975,4680,322,4,145266,GMT+8
ticks,1499260171910000000,i1709,4685,4685,952,4680,321,48,145314,GMT+8
ticks,1499260172287000000,i1709,4685,4685,951,4680,323,2,145316,GMT+8
ticks,1499260172888000000,i1709,4680,4685,961,4680,415,4,145320,GMT+8
ticks,1499260173386000000,i1709,4680,4685,962,4680,414,2,145322,GMT+8
ticks,1499260173884000000,i1709,4685,4685,960,4680,412,10,145332,GMT+8
ticks,1499260174300000000,i1709,4685,4685,959,4680,412,2,145334,GMT+8
ticks,1499260174850000000,i1709,4680,4685,960,4680,433,10,145344,GMT+8
ticks,1499260175406000000,i1709,4685,4685,959,4680,434,2,145346,GMT+8
ticks,1499260175880000000,i1709,4680,4685,960,4680,440,2,145348,GMT+8
ticks,1499260176396000000,i1709,4680,4685,995,4680,532,2,145350,GMT+8
ticks,1499260176867000000,i1709,4685,4685,913,4680,585,4,145354,GMT+8
ticks,1499260177300000000,i1709,4685,4685,878,4680,631,60,145414,GMT+8
ticks,1499260177878000000,i1709,4685,4685,880,4680,693,0,145414,GMT+8
ticks,1499260178409000000,i1709,4680,4685,875,4680,690,12,145426,GMT+8
ticks,1499260178866000000,i1709,4685,4685,863,4680,695,24,145450,GMT+8
ticks,1499260179286000000,i1709,4685,4685,863,4680,693,10,145460,GMT+8
ticks,1499260179846000000,i1709,4685,4685,864,4680,693,4,145464,GMT+8
ticks,1499260180372000000,i1709,4685,4685,853,4680,698,4,145468,GMT+8
ticks,1499260180899000000,i1709,4685,4685,1339,4680,704,28,145496,GMT+8
ticks,1499260181398000000,i1709,4685,4685,1444,4680,706,2,145498,GMT+8
ticks,1499260181898000000,i1709,4685,4685,1448,4680,709,12,145510,GMT+8
ticks,1499260182376000000,i1709,4685,4685,1479,4680,711,32,145542,GMT+8
ticks,1499260182895000000,i1709,4685,4685,1464,4680,701,54,145596,GMT+8
ticks,1499260183355000000,i1709,4685,4685,1365,4680,691,212,145808,GMT+8
ticks,1499260183858000000,i1709,4685,4685,1365,4680,697,0,145808,GMT+8
ticks,1499260184341000000,i1709,4680,4685,1370,4680,706,4,145812,GMT+8
ticks,1499260184904000000,i1709,4685,4685,1366,4680,724,6,145818,GMT+8
ticks,1499260185330000000,i1709,4685,4685,1372,4680,724,0,145818,GMT+8
ticks,1499260185878000000,i1709,4680,4685,1662,4680,529,238,146056,GMT+8
ticks,1499260186302000000,i1709,4680,4680,124,4675,1387,1008,147064,GMT+8
ticks,1499260186888000000,i1709,4680,4680,227,4675,1356,62,147126,GMT+8
ticks,1499260187387000000,i1709,4680,4680,380,4675,1345,2,147128,GMT+8
ticks,1499260187797000000,i1709,4675,4680,390,4675,1306,2,147130,GMT+8
ticks,1499260188402000000,i1709,4680,4680,462,4675,1287,8,147138,GMT+8
ticks,1499260188875000000,i1709,4680,4680,461,4675,1287,4,147142,GMT+8
ticks,1499260189254000000,i1709,4680,4680,451,4675,1287,20,147162,GMT+8
ticks,1499260189876000000,i1709,4680,4680,443,4675,1287,16,147178,GMT+8
ticks,1499260190297000000,i1709,4680,4680,455,4675,1310,0,147178,GMT+8
ticks,1499260190830000000,i1709,4680,4680,383,4675,1311,92,147270,GMT+8
ticks,1499260191404000000,i1709,4675,4680,227,4675,1337,40,147310,GMT+8
ticks,1499260191889000000,i1709,4680,4680,98,4675,1337,106,147416,GMT+8
ticks,1499260192380000000,i1709,4675,4680,67,4675,1336,46,147462,GMT+8
ticks,1499260192866000000,i1709,4675,4685,1726,4675,1337,276,147738,GMT+8
ticks,1499260193332000000,i1709,4680,4680,3,4675,1338,12,147750,GMT+8
ticks,1499260193877000000,i1709,4680,4680,19,4675,1333,54,147804,GMT+8
ticks,1499260194380000000,i1709,4680,4680,61,4675,1331,24,147828,GMT+8
ticks,1499260194893000000,i1709,4680,4680,145,4675,1333,4,147832,GMT+8
ticks,1499260195405000000,i1709,4675,4680,166,4675,1332,2,147834,GMT+8
ticks,1499260195891000000,i1709,4680,4680,162,4675,1305,30,147864,GMT+8
ticks,1499260196256000000,i1709,4680,4680,164,4675,1305,2,147866,GMT+8
ticks,1499260196836000000,i1709,4680,4680,150,4675,1280,12,147878,GMT+8
ticks,1499260197375000000,i1709,4680,4680,152,4675,1280,8,147886,GMT+8
ticks,1499260197898000000,i1709,4680,4680,159,4675,1271,6,147892,GMT+8
ticks,1499260198298000000,i1709,4680,4685,1829,4675,1267,324,148216,GMT+8
ticks,1499260198798000000,i1709,4680,4680,3,4675,1265,8,148224,GMT+8
ticks,1499260199296000000,i1709,4680,4680,4,4675,1268,0,148224,GMT+8
ticks,1499260199890000000,i1709,4675,4680,14,4675,1275,6,148230,GMT+8
ticks,1499260200372000000,i1709,4680,4680,4,4675,1292,32,148262,GMT+8
ticks,1499260200905000000,i1709,4680,4680,3,4675,1299,6,148268,GMT+8
ticks,1499260201358000000,i1709,4675,4680,18,4675,1304,4,148272,GMT+8
ticks,1499260201900000000,i1709,4675,4680,290,4675,1301,26,148298,GMT+8
ticks,1499260202337000000,i1709,4680,4680,364,4675,1297,12,148310,GMT+8
ticks,1499260202872000000,i1709,4680,4680,382,4675,1296,10,148320,GMT+8
ticks,1499260203345000000,i1709,4680,4680,409,4675,1296,0,148320,GMT+8
ticks,1499260203897000000,i1709,4675,4680,480,4675,1296,2,148322,GMT+8
ticks,1499260204353000000,i1709,4680,4680,472,4675,1297,26,148348,GMT+8
ticks,1499260204892000000,i1709,4680,4680,473,4675,1307,6,148354,GMT+8
ticks,1499260205383000000,i1709,4680,4680,481,4675,1393,22,148376,GMT+8
ticks,1499260205879000000,i1709,4680,4680,482,4675,1391,6,148382,GMT+8
ticks,1499260206409000000,i1709,4675,4680,524,4675,1392,2,148384,GMT+8
ticks,1499260206852000000,i1709,4680,4680,522,4675,1372,46,148430,GMT+8
ticks,1499260207390000000,i1709,4675,4680,514,4675,1372,2,148432,GMT+8
ticks,1499260207864000000,i1709,4675,4680,198,4675,1351,696,149128,GMT+8
ticks,1499260208313000000,i1709,4680,4685,2048,4680,19,422,149550,GMT+8
ticks,1499260208892000000,i1709,4680,4685,2046,4680,153,4,149554,GMT+8
ticks,1499260209368000000,i1709,4680,4685,2046,4680,150,6,149560,GMT+8
ticks,1499260209875000000,i1709,4680,4680,51,4675,1377,388,149948,GMT+8
ticks,1499260210368000000,i1709,4675,4680,54,4675,1364,4,149952,GMT+8
ticks,1499260210852000000,i1709,4680,4680,57,4675,1365,4,149956,GMT+8
ticks,1499260211396000000,i1709,4680,4680,79,4675,1365,2,149958,GMT+8
ticks,1499260211894000000,i1709,4680,4680,80,4675,1365,0,149958,GMT+8
ticks,1499260212400000000,i1709,4675,4680,79,4675,1361,4,149962,GMT+8
ticks,1499260212908000000,i1709,4680,4680,85,4675,1354,6,149968,GMT+8
ticks,1499260213334000000,i1709,4680,4680,85,4675,1375,0,149968,GMT+8
ticks,1499260213863000000,i1709,4680,4680,83,4675,1406,6,149974,GMT+8
ticks,1499260214320000000,i1709,4680,4680,87,4675,1474,0,149974,GMT+8
ticks,1499260214888000000,i1709,4680,4680,73,4675,1475,50,150024,GMT+8
ticks,1499260215376000000,i1709,4680,4680,75,4675,1475,0,150024,GMT+8
ticks,1499260215781000000,i1709,4675,4680,53,4675,1426,162,150186,GMT+8
ticks,1499260216406000000,i1709,4675,4680,70,4675,1448,0,150186,GMT+8
ticks,1499260216913000000,i1709,4680,4680,72,4675,1453,8,150194,GMT+8
ticks,1499260217333000000,i1709,4680,4680,70,4675,1444,6,150200,GMT+8
ticks,1499260217912000000,i1709,4680,4680,83,4675,1446,4,150204,GMT+8
ticks,1499260218413000000,i1709,4675,4680,83,4675,1448,2,150206,GMT+8
ticks,1499260218855000000,i1709,4675,4680,88,4675,1449,0,150206,GMT+8
ticks,1499260219403000000,i1709,4680,4680,88,4675,1448,4,150210,GMT+8
ticks,1499260219889000000,i1709,4675,4680,100,4675,1449,4,150214,GMT+8
ticks,1499260220410000000,i1709,4680,4680,231,4675,1450,4,150218,GMT+8
ticks,1499260220836000000,i1709,4680,4680,252,4675,1431,6,150224,GMT+8
ticks,1499260221403000000,i1709,4680,4680,294,4675,1431,30,150254,GMT+8
ticks,1499260221896000000,i1709,4680,4680,288,4675,1428,24,150278,GMT+8
ticks,1499260222356000000,i1709,4680,4680,288,4675,1430,0,150278,GMT+8
ticks,1499260222898000000,i1709,4680,4680,290,4675,1430,0,150278,GMT+8
ticks,1499260223407000000,i1709,4680,4680,293,4675,1441,0,150278,GMT+8
ticks,1499260223812000000,i1709,4680,4680,284,4675,1440,18,150296,GMT+8
ticks,1499260224405000000,i1709,4680,4680,285,4675,1440,0,150296,GMT+8
ticks,1499260224894000000,i1709,4675,4680,288,4675,1435,10,150306,GMT+8
ticks,1499260225404000000,i1709,4675,4680,301,4675,1436,0,150306,GMT+8
ticks,1499260225797000000,i1709,4680,4680,294,4675,1436,12,150318,GMT+8
ticks,1499260226382000000,i1709,4680,4680,294,4675,1441,0,150318,GMT+8
ticks,1499260226857000000,i1709,4680,4680,312,4675,1441,2,150320,GMT+8
ticks,1499260227215000000,i1709,4675,4680,312,4675,1439,4,150324,GMT+8
ticks,1499260227898000000,i1709,4675,4680,316,4675,1440,0,150324,GMT+8
ticks,1499260228256000000,i1709,4675,4680,318,4675,1440,0,150324,GMT+8
ticks,1499260228904000000,i1709,4680,4680,321,4675,1441,2,150326,GMT+8
ticks,1499260229299000000,i1709,4680,4680,320,4675,1441,2,150328,GMT+8
ticks,1499260229864000000,i1709,4680,4680,319,4675,1521,0,150328,GMT+8
ticks,1499260230407000000,i1709,4675,4680,285,4675,1521,4,150332,GMT+8
ticks,1499260230839000000,i1709,4680,4680,294,4675,1521,2,150334,GMT+8
ticks,1499260231379000000,i1709,4680,4680,291,4675,1523,2,150336,GMT+8
ticks,1499260231868000000,i1709,4680,4680,295,4675,1501,2,150338,GMT+8
ticks,1499260232390000000,i1709,4675,4680,311,4675,1498,4,150342,GMT+8
ticks,1499260232789000000,i1709,4680,4680,310,4675,1498,2,150344,GMT+8
ticks,1499260233398000000,i1709,4680,4680,311,4675,1496,0,150344,GMT+8
ticks,1499260233892000000,i1709,4680,4680,295,4675,1497,2,150346,GMT+8
ticks,1499260234381000000,i1709,4680,4680,275,4675,1497,18,150364,GMT+8
ticks,1499260234905000000,i1709,4680,4680,238,4675,1497,102,150466,GMT+8
ticks,1499260235341000000,i1709,4680,4680,227,4675,1497,2,150468,GMT+8
ticks,1499260235905000000,i1709,4680,4685,2132,4680,247,284,150752,GMT+8
ticks,1499260236398000000,i1709,4680,4685,2133,4680,385,16,150768,GMT+8
ticks,1499260236805000000,i1709,4680,4685,2133,4680,397,6,150774,GMT+8
ticks,1499260237263000000,i1709,4680,4685,2133,4680,386,24,150798,GMT+8
ticks,1499260237720000000,i1709,4680,4685,2133,4680,401,2,150800,GMT+8
ticks,1499260238375000000,i1709,4680,4685,2133,4680,399,4,150804,GMT+8
ticks,1499260238902000000,i1709,4680,4685,2124,4680,424,18,150822,GMT+8
ticks,1499260239406000000,i1709,4680,4685,2124,4680,437,2,150824,GMT+8
ticks,1499260239902000000,i1709,4680,4685,2123,4680,420,40,150864,GMT+8
ticks,1499260240369000000,i1709,4680,4680,93,4675,1557,834,151698,GMT+8
ticks,1499260240831000000,i1709,4680,4680,30,4675,1556,150,151848,GMT+8
ticks,1499260241394000000,i1709,4680,4680,36,4675,1540,0,151848,GMT+8
ticks,1499260241863000000,i1709,4680,4685,2127,4680,1,74,151922,GMT+8
ticks,1499260242388000000,i1709,4685,4685,2126,4680,5,4,151926,GMT+8
ticks,1499260242715000000,i1709,4680,4685,2125,4680,5,8,151934,GMT+8
ticks,1499260243401000000,i1709,4680,4680,3,4675,1537,32,151966,GMT+8
ticks,1499260243897000000,i1709,4675,4680,4,4675,1538,16,151982,GMT+8
ticks,1499260244297000000,i1709,4680,4685,2129,4680,15,24,152006,GMT+8
ticks,1499260244911000000,i1709,4680,4685,2123,4680,11,12,152018,GMT+8
ticks,1499260245303000000,i1709,4680,4685,2121,4680,9,8,152026,GMT+8
ticks,1499260245900000000,i1709,4680,4685,2121,4675,1538,20,152046,GMT+8
ticks,1499260246297000000,i1709,4675,4680,2,4675,1536,6,152052,GMT+8
ticks,1499260246889000000,i1709,4680,4680,2,4675,1536,4,152056,GMT+8
ticks,1499260247356000000,i1709,4685,4685,2123,4680,6,6,152062,GMT+8
ticks,1499260247891000000,i1709,4685,4685,2121,4680,21,28,152090,GMT+8
ticks,1499260248297000000,i1709,4680,4685,2123,4680,20,14,152104,GMT+8
ticks,1499260248908000000,i1709,4685,4685,2122,4680,33,2,152106,GMT+8
ticks,1499260249361000000,i1709,4685,4685,2122,4680,100,0,152106,GMT+8
ticks,1499260249908000000,i1709,4680,4685,2122,4680,265,20,152126,GMT+8
ticks,1499260250401000000,i1709,4680,4685,2133,4680,449,2,152128,GMT+8
ticks,1499260250833000000,i1709,4680,4685,2133,4680,434,38,152166,GMT+8
ticks,1499260251392000000,i1709,4680,4685,2135,4680,440,10,152176,GMT+8
ticks,1499260251896000000,i1709,4680,4685,2135,4680,446,4,152180,GMT+8
ticks,1499260252314000000,i1709,4680,4685,2136,4680,462,2,152182,GMT+8
ticks,1499260252848000000,i1709,4680,4685,2136,4680,462,2,152184,GMT+8
ticks,1499260253354000000,i1709,4680,4685,2160,4680,466,0,152184,GMT+8
ticks,1499260253848000000,i1709,4685,4685,2147,4680,479,2,152186,GMT+8
ticks,1499260254302000000,i1709,4680,4685,2156,4680,485,8,152194,GMT+8
ticks,1499260254896000000,i1709,4680,4685,2144,4680,485,0,152194,GMT+8
ticks,1499260255357000000,i1709,4680,4685,2145,4680,571,0,152194,GMT+8
ticks,1499260255845000000,i1709,4680,4685,2144,4680,673,6,152200,GMT+8
ticks,1499260256353000000,i1709,4680,4685,2143,4680,680,4,152204,GMT+8
ticks,1499260256773000000,i1709,4680,4685,2144,4680,681,0,152204,GMT+8
ticks,1499260257382000000,i1709,4680,4685,2143,4680,674,16,152220,GMT+8
ticks,1499260257892000000,i1709,4685,4685,2139,4680,759,4,152224,GMT+8
ticks,1499260258397000000,i1709,4685,4685,2038,4680,760,2,152226,GMT+8
ticks,1499260258871000000,i1709,4685,4685,1985,4680,741,170,152396,GMT+8
ticks,1499260259334000000,i1709,4680,4685,1985,4680,738,14,152410,GMT+8
ticks,1499260259849000000,i1709,4685,4685,1765,4680,746,220,152630,GMT+8
ticks,1499260260389000000,i1709,4680,4685,1721,4680,815,90,152720,GMT+8
ticks,1499260260906000000,i1709,4685,4685,1629,4680,843,186,152906,GMT+8
ticks,1499260261316000000,i1709,4690,4690,1449,4685,1020,3262,156168,GMT+8
ticks,1499260261909000000,i1709,4690,4690,1412,4685,1182,88,156256,GMT+8
ticks,1499260262344000000,i1709,4690,4690,1375,4685,1175,12,156268,GMT+8
ticks,1499260262912000000,i1709,4690,4690,1370,4685,1184,26,156294,GMT+8
ticks,1499260263373000000,i1709,4690,4690,1369,4685,1184,0,156294,GMT+8
ticks,1499260263812000000,i1709,4690,4690,1366,4685,1185,6,156300,GMT+8
ticks,1499260264412000000,i1709,4690,4690,1372,4685,1193,26,156326,GMT+8
ticks,1499260264913000000,i1709,4690,4690,1363,4685,1194,38,156364,GMT+8
ticks,1499260265369000000,i1709,4685,4690,1364,4685,1150,12,156376,GMT+8
ticks,1499260265804000000,i1709,4685,4690,1361,4685,1136,10,156386,GMT+8
ticks,1499260266317000000,i1709,4685,4690,1361,4685,1137,0,156386,GMT+8
ticks,1499260266911000000,i1709,4685,4690,1359,4685,1088,8,156394,GMT+8
ticks,1499260267348000000,i1709,4690,4690,1348,4685,1090,28,156422,GMT+8
ticks,1499260267897000000,i1709,4690,4690,1338,4685,1101,16,156438,GMT+8
ticks,1499260268397000000,i1709,4690,4690,1324,4685,1101,0,156438,GMT+8
ticks,1499260268898000000,i1709,4690,4690,1318,4685,1102,12,156450,GMT+8
ticks,1499260269335000000,i1709,4690,4690,1309,4685,1092,40,156490,GMT+8
ticks,1499260269893000000,i1709,4690,4690,1277,4685,1093,24,156514,GMT+8
ticks,1499260270339000000,i1709,4690,4690,1274,4685,1094,6,156520,GMT+8
ticks,1499260270906000000,i1709,4690,4690,1266,4685,1100,20,156540,GMT+8
ticks,1499260271390000000,i1709,4690,4690,1107,4685,1100,402,156942,GMT+8
ticks,1499260271888000000,i1709,4690,4690,1076,4685,1099,64,157006,GMT+8
ticks,1499260272403000000,i1709,4690,4690,1073,4685,1101,16,157022,GMT+8
ticks,1499260272880000000,i1709,4690,4690,1059,4685,1103,8,157030,GMT+8
ticks,1499260273389000000,i1709,4690,4690,1028,4685,1103,62,157092,GMT+8
ticks,1499260273877000000,i1709,4690,4690,1013,4685,1099,22,157114,GMT+8
ticks,1499260274402000000,i1709,4690,4690,1033,4685,1120,4,157118,GMT+8
ticks,1499260274879000000,i1709,4685,4690,1015,4685,1120,24,157142,GMT+8
ticks,1499260275388000000,i1709,4690,4690,1014,4685,1116,22,157164,GMT+8
ticks,1499260275908000000,i1709,4690,4690,1011,4685,1116,8,157172,GMT+8
ticks,1499260276385000000,i1709,4690,4690,993,4685,1116,38,157210,GMT+8
ticks,1499260276848000000,i1709,4690,4690,974,4685,1117,36,157246,GMT+8
ticks,1499260277397000000,i1709,4690,4690,954,4685,1117,26,157272,GMT+8
ticks,1499260277844000000,i1709,4690,4690,946,4685,1170,16,157288,GMT+8
ticks,1499260278402000000,i1709,4690,4690,932,4685,1174,28,157316,GMT+8
ticks,1499260278870000000,i1709,4690,4690,931,4685,1174,2,157318,GMT+8
ticks,1499260279405000000,i1709,4690,4690,927,4685,1174,36,157354,GMT+8
ticks,1499260279859000000,i1709,4690,4690,889,4685,1171,78,157432,GMT+8
ticks,1499260280401000000,i1709,4690,4690,882,4685,1182,14,157446,GMT+8
ticks,1499260280866000000,i1709,4685,4690,870,4685,1179,42,157488,GMT+8
ticks,1499260281413000000,i1709,4690,4690,718,4685,1179,306,157794,GMT+8
ticks,1499260281902000000,i1709,4685,4690,715,4685,1183,8,157802,GMT+8
ticks,1499260282292000000,i1709,4690,4690,712,4685,1183,44,157846,GMT+8
ticks,1499260282896000000,i1709,4690,4690,672,4685,1205,84,157930,GMT+8
ticks,1499260283360000000,i1709,4690,4690,708,4685,1206,6,157936,GMT+8
ticks,1499260283846000000,i1709,4690,4690,707,4685,1268,16,157952,GMT+8
ticks,1499260284372000000,i1709,4690,4690,705,4685,1268,24,157976,GMT+8
ticks,1499260284827000000,i1709,4690,4690,707,4685,1268,2,157978,GMT+8
ticks,1499260285387000000,i1709,4690,4690,695,4685,1269,26,158004,GMT+8
ticks,1499260285897000000,i1709,4690,4690,653,4685,1269,6,158010,GMT+8
ticks,1499260286339000000,i1709,4690,4690,643,4685,1269,24,158034,GMT+8
ticks,1499260286873000000,i1709,4685,4690,640,4685,1267,10,158044,GMT+8
ticks,1499260287345000000,i1709,4690,4690,636,4685,1283,10,158054,GMT+8
ticks,1499260287816000000,i1709,4685,4690,644,4685,1282,6,158060,GMT+8
ticks,1499260288387000000,i1709,4690,4690,640,4685,1283,16,158076,GMT+8
ticks,1499260288844000000,i1709,4690,4690,639,4685,1283,2,158078,GMT+8
ticks,1499260289365000000,i1709,4690,4690,643,4685,1322,2,158080,GMT+8
ticks,1499260289830000000,i1709,4690,4690,652,4685,1319,4,158084,GMT+8
ticks,1499260290384000000,i1709,4690,4690,673,4685,1321,0,158084,GMT+8
ticks,1499260290868000000,i1709,4690,4690,670,4685,1323,10,158094,GMT+8
ticks,1499260291380000000,i1709,4690,4690,669,4685,1328,8,158102,GMT+8
ticks,1499260291895000000,i1709,4685,4690,668,4685,1325,10,158112,GMT+8
ticks,1499260292401000000,i1709,4690,4690,661,4685,1321,22,158134,GMT+8
ticks,1499260292878000000,i1709,4685,4690,655,4685,1301,40,158174,GMT+8
ticks,1499260293357000000,i1709,4690,4690,652,4685,1310,8,158182,GMT+8
ticks,1499260293724000000,i1709,4690,4690,653,4685,1311,2,158184,GMT+8
ticks,1499260294350000000,i1709,4690,4690,643,4685,1313,24,158208,GMT+8
ticks,1499260294913000000,i1709,4690,4690,639,4685,1327,10,158218,GMT+8
ticks,1499260295413000000,i1709,4690,4690,636,4685,1328,10,158228,GMT+8
ticks,1499260295801000000,i1709,4685,4690,636,4685,1325,6,158234,GMT+8
ticks,1499260296267000000,i1709,4690,4690,637,4685,1325,4,158238,GMT+8
ticks,1499260296847000000,i1709,4690,4690,636,4685,1331,6,158244,GMT+8
ticks,1499260297385000000,i1709,4690,4690,627,4685,1331,22,158266,GMT+8
ticks,1499260297899000000,i1709,4685,4690,639,4685,1325,14,158280,GMT+8
ticks,1499260298374000000,i1709,4690,4690,636,4685,1326,8,158288,GMT+8
ticks,1499260298886000000,i1709,4690,4690,625,4685,1330,32,158320,GMT+8
ticks,1499260299378000000,i1709,4690,4690,616,4685,1291,16,158336,GMT+8
ticks,1499260300324000000,i1709,4690,4690,615,4685,1292,4,158340,GMT+8
ticks,1499260300898000000,i1709,4690,4690,617,4685,1289,2,158342,GMT+8
ticks,1499260301348000000,i1709,4690,4690,646,4685,1289,2,158344,GMT+8
ticks,1499260301874000000,i1709,4690,4690,646,4685,1289,2,158346,GMT+8
ticks,1499260302328000000,i1709,4690,4690,656,4685,1289,10,158356,GMT+8
