name,time,symbol,last,ask_price,ask_size,bid_price,bid_size,volume,total_volume,timezone
ticks,1499950800000000000,i1709,4890,4890,1744,4885,277,6634,6634,GMT+8
ticks,1499950800452000000,i1709,4900,4900,152,4895,599,3910,10544,GMT+8
ticks,1499950800943000000,i1709,4900,4900,183,4895,618,336,10880,GMT+8
ticks,1499950801452000000,i1709,4900,4900,237,4895,551,286,11166,GMT+8
ticks,1499950801941000000,i1709,4900,4900,235,4895,538,214,11380,GMT+8
ticks,1499950802447000000,i1709,4900,4900,289,4895,500,200,11580,GMT+8
ticks,1499950802949000000,i1709,4895,4900,356,4895,509,14,11594,GMT+8
ticks,1499950803451000000,i1709,4900,4900,337,4895,466,82,11676,GMT+8
ticks,1499950803930000000,i1709,4895,4895,142,4890,767,962,12638,GMT+8
ticks,1499950804416000000,i1709,4900,4900,698,4895,51,442,13080,GMT+8
ticks,1499950804947000000,i1709,4900,4900,968,4895,1,564,13644,GMT+8
ticks,1499950805440000000,i1709,4895,4895,111,4890,857,82,13726,GMT+8
ticks,1499950805950000000,i1709,4895,4895,108,4890,930,536,14262,GMT+8
ticks,1499950806450000000,i1709,4890,4895,491,4890,943,332,14594,GMT+8
ticks,1499950806935000000,i1709,4895,4895,531,4890,997,82,14676,GMT+8
ticks,1499950807447000000,i1709,4895,4895,529,4890,998,50,14726,GMT+8
ticks,1499950807922000000,i1709,4895,4895,148,4890,1061,696,15422,GMT+8
ticks,1499950808437000000,i1709,4895,4900,823,4895,193,330,15752,GMT+8
ticks,1499950808942000000,i1709,4900,4900,782,4895,338,86,15838,GMT+8
ticks,1499950809412000000,i1709,4895,4900,627,4895,453,556,16394,GMT+8
ticks,1499950809937000000,i1709,4900,4900,606,4895,521,42,16436,GMT+8
ticks,1499950810416000000,i1709,4900,4900,636,4895,544,42,16478,GMT+8
ticks,1499950810917000000,i1709,4895,4900,637,4895,514,90,16568,GMT+8
ticks,1499950811402000000,i1709,4900,4900,610,4895,516,74,16642,GMT+8
ticks,1499950811909000000,i1709,4900,4900,583,4895,618,56,16698,GMT+8
ticks,1499950812445000000,i1709,4900,4900,558,4895,363,560,17258,GMT+8
ticks,1499950812942000000,i1709,4900,4900,550,4895,370,22,17280,GMT+8
ticks,1499950813433000000,i1709,4900,4900,548,4895,339,10,17290,GMT+8
ticks,1499950813952000000,i1709,4895,4895,11,4890,1037,776,18066,GMT+8
ticks,1499950814364000000,i1709,4895,4900,495,4895,49,184,18250,GMT+8
ticks,1499950814894000000,i1709,4900,4900,493,4895,58,4,18254,GMT+8
ticks,1499950815447000000,i1709,4895,4900,530,4895,136,32,18286,GMT+8
ticks,1499950815937000000,i1709,4900,4900,500,4895,272,66,18352,GMT+8
ticks,1499950816447000000,i1709,4900,4900,508,4895,283,22,18374,GMT+8
ticks,1499950816953000000,i1709,4900,4900,498,4895,293,58,18432,GMT+8
ticks,1499950817444000000,i1709,4895,4900,493,4895,150,336,18768,GMT+8
ticks,1499950817941000000,i1709,4900,4900,399,4895,168,236,19004,GMT+8
ticks,1499950818443000000,i1709,4900,4900,440,4895,231,28,19032,GMT+8
ticks,1499950818931000000,i1709,4900,4900,548,4895,250,18,19050,GMT+8
ticks,1499950819431000000,i1709,4900,4900,716,4895,347,34,19084,GMT+8
ticks,1499950819869000000,i1709,4900,4900,685,4895,468,150,19234,GMT+8
ticks,1499950820417000000,i1709,4900,4900,652,4895,571,76,19310,GMT+8
ticks,1499950820941000000,i1709,4895,4900,626,4895,321,586,19896,GMT+8
ticks,1499950821426000000,i1709,4900,4900,547,4895,122,282,20178,GMT+8
ticks,1499950821938000000,i1709,4900,4900,563,4895,108,58,20236,GMT+8
ticks,1499950822437000000,i1709,4895,4900,596,4895,55,118,20354,GMT+8
ticks,1499950822934000000,i1709,4900,4900,484,4895,91,506,20860,GMT+8
ticks,1499950823449000000,i1709,4900,4900,478,4895,540,306,21166,GMT+8
ticks,1499950823937000000,i1709,4895,4900,505,4895,771,30,21196,GMT+8
ticks,1499950824442000000,i1709,4900,4900,503,4895,935,20,21216,GMT+8
ticks,1499950824953000000,i1709,4900,4900,420,4895,972,8,21224,GMT+8
ticks,1499950825381000000,i1709,4900,4900,434,4895,850,36,21260,GMT+8
ticks,1499950825918000000,i1709,4900,4900,423,4895,850,106,21366,GMT+8
ticks,1499950826394000000,i1709,4900,4900,401,4895,855,48,21414,GMT+8
ticks,1499950826897000000,i1709,4900,4900,388,4895,869,8,21422,GMT+8
ticks,1499950827427000000,i1709,4900,4905,704,4900,158,934,22356,GMT+8
ticks,1499950827952000000,i1709,4905,4905,701,4900,172,6,22362,GMT+8
ticks,1499950828451000000,i1709,4905,4905,667,4900,336,80,22442,GMT+8
ticks,1499950828920000000,i1709,4905,4905,662,4900,337,26,22468,GMT+8
ticks,1499950829452000000,i1709,4900,4905,661,4900,329,26,22494,GMT+8
ticks,1499950829902000000,i1709,4905,4905,654,4900,374,16,22510,GMT+8
ticks,1499950830439000000,i1709,4900,4900,185,4895,879,760,23270,GMT+8
ticks,1499950830909000000,i1709,4895,4900,3641,4895,757,262,23532,GMT+8
ticks,1499950831407000000,i1709,4900,4900,4857,4895,563,388,23920,GMT+8
ticks,1499950831922000000,i1709,4895,4900,4758,4895,467,266,24186,GMT+8
ticks,1499950832451000000,i1709,4900,4900,4744,4895,175,742,24928,GMT+8
ticks,1499950832953000000,i1709,4895,4895,33,4890,1530,514,25442,GMT+8
ticks,1499950833452000000,i1709,4895,4900,4733,4895,44,294,25736,GMT+8
ticks,1499950833925000000,i1709,4895,4900,4738,4895,85,50,25786,GMT+8
ticks,1499950834449000000,i1709,4900,4900,4736,4895,422,42,25828,GMT+8
ticks,1499950834940000000,i1709,4900,4900,4717,4895,745,38,25866,GMT+8
ticks,1499950835439000000,i1709,4900,4900,4667,4895,837,100,25966,GMT+8
ticks,1499950835935000000,i1709,4895,4900,4667,4895,1016,14,25980,GMT+8
ticks,1499950836422000000,i1709,4895,4900,4631,4895,1022,84,26064,GMT+8
ticks,1499950836953000000,i1709,4900,4900,4589,4895,1223,90,26154,GMT+8
ticks,1499950837408000000,i1709,4900,4900,4546,4895,1224,90,26244,GMT+8
ticks,1499950837917000000,i1709,4900,4900,4545,4895,1342,2,26246,GMT+8
ticks,1499950838426000000,i1709,4900,4900,4542,4895,1343,10,26256,GMT+8
ticks,1499950838904000000,i1709,4900,4900,4530,4895,1336,56,26312,GMT+8
ticks,1499950839356000000,i1709,4900,4900,4526,4895,1334,22,26334,GMT+8
ticks,1499950839934000000,i1709,4895,4900,4525,4895,1233,14,26348,GMT+8
ticks,1499950840435000000,i1709,4895,4895,54,4890,1531,1916,28264,GMT+8
ticks,1499950840942000000,i1709,4895,4895,386,4890,1480,120,28384,GMT+8
ticks,1499950841446000000,i1709,4895,4895,543,4890,1481,32,28416,GMT+8
ticks,1499950841782000000,i1709,4895,4895,592,4890,1480,8,28424,GMT+8
ticks,1499950842453000000,i1709,4895,4895,514,4890,1479,314,28738,GMT+8
ticks,1499950842944000000,i1709,4895,4895,520,4890,1450,24,28762,GMT+8
ticks,1499950843453000000,i1709,4895,4895,608,4890,1440,14,28776,GMT+8
ticks,1499950843937000000,i1709,4895,4895,683,4890,1346,18,28794,GMT+8
ticks,1499950844415000000,i1709,4895,4895,653,4890,1340,66,28860,GMT+8
ticks,1499950844914000000,i1709,4890,4895,693,4890,1340,6,28866,GMT+8
ticks,1499950845423000000,i1709,4895,4895,657,4890,1358,80,28946,GMT+8
ticks,1499950845948000000,i1709,4890,4895,643,4890,1323,98,29044,GMT+8
ticks,1499950846451000000,i1709,4895,4895,429,4890,1317,522,29566,GMT+8
ticks,1499950846916000000,i1709,4895,4900,4451,4895,636,1260,30826,GMT+8
ticks,1499950847451000000,i1709,4895,4900,4450,4895,840,4,30830,GMT+8
ticks,1499950847933000000,i1709,4895,4900,4447,4895,956,4,30834,GMT+8
ticks,1499950848436000000,i1709,4895,4900,4431,4895,965,108,30942,GMT+8
ticks,1499950848867000000,i1709,4895,4900,4416,4895,962,14,30956,GMT+8
ticks,1499950849435000000,i1709,4895,4900,4417,4895,963,6,30962,GMT+8
ticks,1499950849941000000,i1709,4895,4900,4411,4895,964,22,30984,GMT+8
ticks,1499950850365000000,i1709,4900,4900,4604,4895,964,8,30992,GMT+8
ticks,1499950850944000000,i1709,4900,4900,4496,4895,849,44,31036,GMT+8
ticks,1499950851373000000,i1709,4895,4900,4486,4895,849,4,31040,GMT+8
ticks,1499950851930000000,i1709,4895,4900,4478,4895,840,26,31066,GMT+8
ticks,1499950852449000000,i1709,4900,4900,4486,4895,843,2,31068,GMT+8
ticks,1499950852950000000,i1709,4895,4900,4487,4895,840,10,31078,GMT+8
ticks,1499950853433000000,i1709,4895,4900,4486,4895,838,12,31090,GMT+8
ticks,1499950853947000000,i1709,4895,4900,4489,4895,855,12,31102,GMT+8
ticks,1499950854449000000,i1709,4895,4900,4495,4895,1053,30,31132,GMT+8
ticks,1499950854947000000,i1709,4895,4900,4530,4895,1035,80,31212,GMT+8
ticks,1499950855453000000,i1709,4900,4900,4553,4895,1093,14,31226,GMT+8
ticks,1499950855937000000,i1709,4895,4900,4551,4895,884,420,31646,GMT+8
ticks,1499950856417000000,i1709,4900,4900,4549,4895,882,26,31672,GMT+8
ticks,1499950856947000000,i1709,4895,4900,4548,4895,767,238,31910,GMT+8
ticks,1499950857297000000,i1709,4895,4900,4545,4895,761,16,31926,GMT+8
ticks,1499950857950000000,i1709,4895,4900,4551,4895,756,12,31938,GMT+8
ticks,1499950858447000000,i1709,4895,4900,4546,4895,781,128,32066,GMT+8
ticks,1499950858926000000,i1709,4900,4900,4470,4895,793,168,32234,GMT+8
ticks,1499950859424000000,i1709,4895,4900,4463,4895,774,24,32258,GMT+8
ticks,1499950859893000000,i1709,4900,4900,4462,4895,773,18,32276,GMT+8
ticks,1499950860430000000,i1709,4895,4900,4459,4895,871,12,32288,GMT+8
ticks,1499950860944000000,i1709,4900,4900,4933,4895,772,252,32540,GMT+8
ticks,1499950861454000000,i1709,4895,4900,4927,4895,791,30,32570,GMT+8
ticks,1499950861910000000,i1709,4895,4900,4928,4895,772,72,32642,GMT+8
ticks,1499950862441000000,i1709,4900,4900,4936,4895,772,2,32644,GMT+8
ticks,1499950862953000000,i1709,4900,4900,4921,4895,786,34,32678,GMT+8
ticks,1499950863447000000,i1709,4895,4900,4852,4895,781,166,32844,GMT+8
ticks,1499950863939000000,i1709,4895,4900,4853,4895,790,24,32868,GMT+8
ticks,1499950864451000000,i1709,4900,4900,4856,4895,789,12,32880,GMT+8
ticks,1499950864925000000,i1709,4895,4895,342,4890,1600,1586,34466,GMT+8
ticks,1499950865444000000,i1709,4895,4895,552,4890,1583,30,34496,GMT+8
ticks,1499950865905000000,i1709,4890,4895,628,4890,1579,12,34508,GMT+8
ticks,1499950866418000000,i1709,4895,4895,682,4890,1589,2,34510,GMT+8
ticks,1499950866921000000,i1709,4890,4895,781,4890,1576,36,34546,GMT+8
ticks,1499950867428000000,i1709,4895,4895,685,4890,1593,322,34868,GMT+8
ticks,1499950867944000000,i1709,4895,4895,633,4890,1527,320,35188,GMT+8
ticks,1499950868446000000,i1709,4890,4895,716,4890,1511,4,35192,GMT+8
ticks,1499950868931000000,i1709,4895,4895,804,4890,1519,14,35206,GMT+8
ticks,1499950869449000000,i1709,4895,4895,975,4890,1464,54,35260,GMT+8
ticks,1499950869932000000,i1709,4895,4895,978,4890,1503,6,35266,GMT+8
ticks,1499950870361000000,i1709,4895,4895,946,4890,1480,112,35378,GMT+8
ticks,1499950870864000000,i1709,4890,4895,1083,4890,1476,18,35396,GMT+8
ticks,1499950871434000000,i1709,4895,4895,1047,4890,1325,104,35500,GMT+8
ticks,1499950871939000000,i1709,4895,4895,1050,4890,1319,48,35548,GMT+8
ticks,1499950872436000000,i1709,4890,4895,1037,4890,1256,18,35566,GMT+8
ticks,1499950872929000000,i1709,4895,4895,997,4890,1248,112,35678,GMT+8
ticks,1499950873372000000,i1709,4890,4895,989,4890,1239,6,35684,GMT+8
ticks,1499950873910000000,i1709,4890,4895,996,4890,1237,6,35690,GMT+8
ticks,1499950874429000000,i1709,4890,4895,1001,4890,1232,12,35702,GMT+8
ticks,1499950874929000000,i1709,4890,4895,1000,4890,1223,14,35716,GMT+8
ticks,1499950875404000000,i1709,4890,4895,1019,4890,1192,72,35788,GMT+8
ticks,1499950875951000000,i1709,4890,4895,1018,4890,1191,44,35832,GMT+8
ticks,1499950876447000000,i1709,4890,4895,952,4890,1206,218,36050,GMT+8
ticks,1499950876952000000,i1709,4890,4895,1047,4890,1180,14,36064,GMT+8
ticks,1499950877443000000,i1709,4890,4895,1056,4890,1177,0,36064,GMT+8
ticks,1499950877942000000,i1709,4890,4895,1056,4890,1182,2,36066,GMT+8
ticks,1499950878452000000,i1709,4895,4895,1048,4890,1189,44,36110,GMT+8
ticks,1499950878949000000,i1709,4890,4895,1078,4890,1184,14,36124,GMT+8
ticks,1499950879410000000,i1709,4895,4895,1079,4890,1193,66,36190,GMT+8
ticks,1499950879922000000,i1709,4890,4895,1076,4890,1193,36,36226,GMT+8
ticks,1499950880396000000,i1709,4895,4895,1086,4890,1194,24,36250,GMT+8
ticks,1499950880929000000,i1709,4890,4895,1085,4890,1151,96,36346,GMT+8
ticks,1499950881304000000,i1709,4890,4895,1059,4890,1168,14,36360,GMT+8
ticks,1499950881883000000,i1709,4890,4895,936,4890,1119,360,36720,GMT+8
ticks,1499950882405000000,i1709,4895,4895,936,4890,1220,4,36724,GMT+8
ticks,1499950882944000000,i1709,4890,4895,937,4890,720,1016,37740,GMT+8
ticks,1499950883451000000,i1709,4890,4895,942,4890,486,364,38104,GMT+8
ticks,1499950883867000000,i1709,4890,4895,910,4890,511,170,38274,GMT+8
ticks,1499950884422000000,i1709,4895,4895,986,4890,532,20,38294,GMT+8
ticks,1499950884930000000,i1709,4895,4895,1014,4890,565,12,38306,GMT+8
ticks,1499950885441000000,i1709,4890,4895,1004,4890,501,178,38484,GMT+8
ticks,1499950885953000000,i1709,4890,4895,972,4890,9,1524,40008,GMT+8
ticks,1499950886428000000,i1709,4890,4895,1232,4890,53,14,40022,GMT+8
ticks,1499950886901000000,i1709,4890,4895,1191,4890,16,192,40214,GMT+8
ticks,1499950887445000000,i1709,4890,4895,1251,4890,360,62,40276,GMT+8
ticks,1499950887945000000,i1709,4890,4895,1214,4890,451,20,40296,GMT+8
ticks,1499950888449000000,i1709,4890,4895,1206,4890,3,1056,41352,GMT+8
ticks,1499950888907000000,i1709,4890,4895,1240,4890,50,36,41388,GMT+8
ticks,1499950889381000000,i1709,4890,4895,1206,4890,66,4,41392,GMT+8
ticks,1499950889947000000,i1709,4890,4895,1202,4890,67,40,41432,GMT+8
ticks,1499950890443000000,i1709,4890,4895,1202,4890,88,18,41450,GMT+8
ticks,1499950890947000000,i1709,4890,4895,1178,4890,74,38,41488,GMT+8
ticks,1499950891445000000,i1709,4890,4895,1173,4890,55,42,41530,GMT+8
ticks,1499950891913000000,i1709,4890,4895,1112,4890,35,144,41674,GMT+8
ticks,1499950892442000000,i1709,4885,4890,489,4885,1759,208,41882,GMT+8
ticks,1499950892947000000,i1709,4885,4890,477,4885,1743,324,42206,GMT+8
ticks,1499950893436000000,i1709,4890,4895,1253,4890,340,1560,43766,GMT+8
ticks,1499950893951000000,i1709,4890,4895,1189,4890,317,74,43840,GMT+8
ticks,1499950894445000000,i1709,4890,4895,1191,4890,480,8,43848,GMT+8
ticks,1499950894954000000,i1709,4895,4895,1196,4890,816,20,43868,GMT+8
ticks,1499950895415000000,i1709,4890,4895,1081,4890,787,8,43876,GMT+8
ticks,1499950895923000000,i1709,4890,4895,1079,4890,889,8,43884,GMT+8
ticks,1499950896447000000,i1709,4890,4895,1078,4890,1091,4,43888,GMT+8
ticks,1499950896945000000,i1709,4890,4895,1071,4890,1183,6,43894,GMT+8
ticks,1499950897406000000,i1709,4895,4895,1027,4890,733,1024,44918,GMT+8
ticks,1499950897913000000,i1709,4890,4895,1026,4890,755,6,44924,GMT+8
ticks,1499950898413000000,i1709,4890,4895,1026,4890,782,18,44942,GMT+8
ticks,1499950898910000000,i1709,4890,4895,1026,4890,771,36,44978,GMT+8
ticks,1499950899437000000,i1709,4890,4895,1012,4890,757,20,44998,GMT+8
ticks,1499950899892000000,i1709,4895,4895,1144,4890,72,1484,46482,GMT+8
ticks,1499950900416000000,i1709,4890,4890,82,4885,1725,244,46726,GMT+8
ticks,1499950900851000000,i1709,4890,4890,148,4885,1720,22,46748,GMT+8
ticks,1499950901403000000,i1709,4890,4890,339,4885,1734,12,46760,GMT+8
ticks,1499950901947000000,i1709,4890,4890,406,4885,1732,34,46794,GMT+8
ticks,1499950902420000000,i1709,4890,4890,1027,4885,1273,1006,47800,GMT+8
ticks,1499950902950000000,i1709,4890,4890,1118,4885,1274,30,47830,GMT+8
ticks,1499950903432000000,i1709,4890,4890,1192,4885,1278,26,47856,GMT+8
ticks,1499950903953000000,i1709,4890,4890,1155,4885,1290,104,47960,GMT+8
ticks,1499950904441000000,i1709,4885,4890,1149,4885,1303,34,47994,GMT+8
ticks,1499950904936000000,i1709,4890,4890,1157,4885,1312,10,48004,GMT+8
ticks,1499950905318000000,i1709,4885,4890,1156,4885,1311,4,48008,GMT+8
ticks,1499950905918000000,i1709,4890,4890,1354,4885,1393,20,48028,GMT+8
ticks,1499950906404000000,i1709,4890,4890,1336,4885,1402,84,48112,GMT+8
ticks,1499950906912000000,i1709,4890,4890,1831,4885,1399,6,48118,GMT+8
ticks,1499950907426000000,i1709,4890,4890,1813,4885,1404,36,48154,GMT+8
ticks,1499950907852000000,i1709,4890,4890,1814,4885,1404,0,48154,GMT+8
ticks,1499950908438000000,i1709,4885,4890,1830,4885,1402,126,48280,GMT+8
ticks,1499950908925000000,i1709,4885,4890,1816,4885,1397,40,48320,GMT+8
ticks,1499950909301000000,i1709,4885,4890,1866,4885,1390,22,48342,GMT+8
ticks,1499950909897000000,i1709,4890,4890,1865,4885,1371,42,48384,GMT+8
ticks,1499950910433000000,i1709,4885,4890,1865,4885,1376,4,48388,GMT+8
ticks,1499950910931000000,i1709,4885,4890,1867,4885,1374,8,48396,GMT+8
ticks,1499950911375000000,i1709,4890,4890,1839,4885,1392,48,48444,GMT+8
ticks,1499950911946000000,i1709,4885,4890,1821,4885,1427,44,48488,GMT+8
ticks,1499950912410000000,i1709,4890,4890,1818,4885,1434,18,48506,GMT+8
ticks,1499950912954000000,i1709,4885,4890,1819,4885,1434,2,48508,GMT+8
ticks,1499950913453000000,i1709,4890,4890,1817,4885,1463,4,48512,GMT+8
ticks,1499950913936000000,i1709,4890,4890,1818,4885,1460,12,48524,GMT+8
ticks,1499950914443000000,i1709,4885,4890,1818,4885,1461,2,48526,GMT+8
ticks,1499950914949000000,i1709,4885,4890,2317,4885,1449,12,48538,GMT+8
ticks,1499950915406000000,i1709,4885,4890,2318,4885,1451,6,48544,GMT+8
ticks,1499950915940000000,i1709,4885,4890,2318,4885,1455,0,48544,GMT+8
ticks,1499950916406000000,i1709,4890,4890,2306,4885,1493,10,48554,GMT+8
ticks,1499950916882000000,i1709,4890,4890,2302,4885,1541,8,48562,GMT+8
ticks,1499950917378000000,i1709,4885,4890,2307,4885,1735,28,48590,GMT+8
ticks,1499950917948000000,i1709,4890,4890,2297,4885,1728,38,48628,GMT+8
ticks,1499950918445000000,i1709,4885,4890,2257,4885,1725,16,48644,GMT+8
ticks,1499950918878000000,i1709,4885,4890,2354,4885,1714,26,48670,GMT+8
ticks,1499950919445000000,i1709,4890,4890,2353,4885,1706,10,48680,GMT+8
ticks,1499950919912000000,i1709,4890,4890,2350,4885,1796,24,48704,GMT+8
ticks,1499950920441000000,i1709,4890,4890,2336,4885,1895,38,48742,GMT+8
ticks,1499950920829000000,i1709,4885,4890,2338,4885,1896,2,48744,GMT+8
ticks,1499950921415000000,i1709,4890,4890,2336,4885,2036,14,48758,GMT+8
ticks,1499950921924000000,i1709,4885,4890,2338,4885,2045,6,48764,GMT+8
ticks,1499950922435000000,i1709,4885,4890,2338,4885,2051,0,48764,GMT+8
ticks,1499950922895000000,i1709,4890,4890,2334,4885,2051,10,48774,GMT+8
ticks,1499950923453000000,i1709,4890,4890,2335,4885,2055,6,48780,GMT+8
ticks,1499950923951000000,i1709,4885,4890,2331,4885,2055,10,48790,GMT+8
ticks,1499950924444000000,i1709,4890,4890,2329,4885,2085,4,48794,GMT+8
ticks,1499950924916000000,i1709,4890,4890,2328,4885,2075,58,48852,GMT+8
ticks,1499950925435000000,i1709,4890,4890,2329,4885,1993,0,48852,GMT+8
ticks,1499950925950000000,i1709,4885,4890,2334,4885,2022,6,48858,GMT+8
ticks,1499950926436000000,i1709,4885,4890,2331,4885,2023,4,48862,GMT+8
ticks,1499950926950000000,i1709,4885,4890,2339,4885,2019,10,48872,GMT+8
ticks,1499950927396000000,i1709,4890,4890,2337,4885,1733,510,49382,GMT+8
ticks,1499950927894000000,i1709,4885,4890,2313,4885,1684,106,49488,GMT+8
ticks,1499950928454000000,i1709,4885,4890,2318,4885,1700,4,49492,GMT+8
ticks,1499950928953000000,i1709,4885,4890,2351,4885,1679,42,49534,GMT+8
ticks,1499950929411000000,i1709,4885,4890,2348,4885,1675,10,49544,GMT+8
ticks,1499950929838000000,i1709,4890,4890,2345,4885,1684,6,49550,GMT+8
ticks,1499950930420000000,i1709,4890,4890,2342,4885,1691,0,49550,GMT+8
ticks,1499950930952000000,i1709,4885,4890,2337,4885,1655,110,49660,GMT+8
ticks,1499950931447000000,i1709,4885,4890,2327,4885,1727,18,49678,GMT+8
ticks,1499950931917000000,i1709,4885,4890,2319,4885,1734,0,49678,GMT+8
ticks,1499950932436000000,i1709,4885,4890,2318,4885,1735,0,49678,GMT+8
ticks,1499950932879000000,i1709,4885,4890,2318,4885,1488,502,50180,GMT+8
ticks,1499950933450000000,i1709,4885,4890,2317,4885,1520,20,50200,GMT+8
ticks,1499950933926000000,i1709,4885,4890,2299,4885,1519,50,50250,GMT+8
ticks,1499950934435000000,i1709,4890,4890,2314,4885,1338,412,50662,GMT+8
ticks,1499950934949000000,i1709,4885,4890,2323,4885,1184,376,51038,GMT+8
ticks,1499950935368000000,i1709,4885,4890,2287,4885,253,1890,52928,GMT+8
ticks,1499950935938000000,i1709,4885,4885,1069,4880,3878,542,53470,GMT+8
ticks,1499950936453000000,i1709,4880,4885,1178,4880,3878,54,53524,GMT+8
ticks,1499950936954000000,i1709,4885,4885,1169,4880,3613,852,54376,GMT+8
ticks,1499950937443000000,i1709,4880,4885,1162,4880,3565,150,54526,GMT+8
ticks,1499950937924000000,i1709,4885,4885,1160,4880,3083,14,54540,GMT+8
ticks,1499950938418000000,i1709,4885,4885,1237,4880,3025,304,54844,GMT+8
ticks,1499950938928000000,i1709,4885,4885,1155,4880,3021,174,55018,GMT+8
ticks,1499950939430000000,i1709,4885,4885,1349,4880,3011,38,55056,GMT+8
ticks,1499950939944000000,i1709,4885,4885,1374,4880,1962,2114,57170,GMT+8
ticks,1499950940453000000,i1709,4880,4880,4020,4875,622,4474,61644,GMT+8
ticks,1499950940942000000,i1709,4870,4875,393,4870,1221,1306,62950,GMT+8
ticks,1499950941455000000,i1709,4870,4875,694,4870,1259,920,63870,GMT+8
ticks,1499950941954000000,i1709,4870,4875,875,4870,1179,274,64144,GMT+8
ticks,1499950942455000000,i1709,4870,4875,1059,4870,1126,116,64260,GMT+8
ticks,1499950942951000000,i1709,4870,4875,1165,4870,1199,44,64304,GMT+8
ticks,1499950943438000000,i1709,4875,4875,1165,4870,911,592,64896,GMT+8
ticks,1499950943949000000,i1709,4875,4875,1193,4870,897,40,64936,GMT+8
ticks,1499950944453000000,i1709,4870,4875,1180,4870,411,998,65934,GMT+8
ticks,1499950944950000000,i1709,4870,4870,156,4865,941,1444,67378,GMT+8
ticks,1499950945428000000,i1709,4865,4870,495,4865,984,244,67622,GMT+8
ticks,1499950945948000000,i1709,4865,4870,848,4865,637,730,68352,GMT+8
ticks,1499950946419000000,i1709,4870,4870,1021,4865,701,182,68534,GMT+8
ticks,1499950946945000000,i1709,4865,4870,947,4865,1042,50,68584,GMT+8
ticks,1499950947442000000,i1709,4865,4870,854,4865,1028,202,68786,GMT+8
ticks,1499950947937000000,i1709,4870,4870,521,4865,1147,636,69422,GMT+8
ticks,1499950948450000000,i1709,4870,4875,760,4870,275,1068,70490,GMT+8
ticks,1499950948933000000,i1709,4870,4875,758,4870,430,24,70514,GMT+8
ticks,1499950949429000000,i1709,4870,4875,856,4870,396,204,70718,GMT+8
ticks,1499950949949000000,i1709,4870,4875,983,4870,426,94,70812,GMT+8
ticks,1499950950442000000,i1709,4870,4870,550,4865,1300,876,71688,GMT+8
ticks,1499950950950000000,i1709,4870,4870,293,4865,1310,640,72328,GMT+8
ticks,1499950951447000000,i1709,4870,4870,779,4865,1188,180,72508,GMT+8
ticks,1499950951954000000,i1709,4870,4870,784,4865,1140,140,72648,GMT+8
ticks,1499950952450000000,i1709,4870,4870,830,4865,1058,88,72736,GMT+8
ticks,1499950952892000000,i1709,4870,4870,827,4865,885,574,73310,GMT+8
ticks,1499950953454000000,i1709,4870,4870,857,4865,860,102,73412,GMT+8
ticks,1499950953942000000,i1709,4870,4870,788,4865,868,142,73554,GMT+8
ticks,1499950954389000000,i1709,4870,4870,774,4865,665,474,74028,GMT+8
ticks,1499950954950000000,i1709,4870,4870,599,4865,695,326,74354,GMT+8
ticks,1499950955431000000,i1709,4870,4870,585,4865,790,36,74390,GMT+8
ticks,1499950955910000000,i1709,4870,4870,612,4865,832,38,74428,GMT+8
ticks,1499950956448000000,i1709,4870,4870,608,4865,829,34,74462,GMT+8
ticks,1499950956951000000,i1709,4870,4870,205,4865,835,814,75276,GMT+8
ticks,1499950957442000000,i1709,4865,4870,166,4865,791,200,75476,GMT+8
ticks,1499950957950000000,i1709,4870,4870,134,4865,810,76,75552,GMT+8
ticks,1499950958452000000,i1709,4865,4870,911,4865,805,56,75608,GMT+8
ticks,1499950958949000000,i1709,4870,4870,955,4865,791,12,75620,GMT+8
ticks,1499950959429000000,i1709,4870,4870,945,4865,784,58,75678,GMT+8
ticks,1499950959926000000,i1709,4870,4870,1253,4865,788,74,75752,GMT+8
ticks,1499950960431000000,i1709,4870,4870,1343,4865,788,40,75792,GMT+8
ticks,1499950960912000000,i1709,4870,4870,1498,4865,780,38,75830,GMT+8
ticks,1499950961452000000,i1709,4870,4870,1270,4865,772,516,76346,GMT+8
ticks,1499950961882000000,i1709,4865,4870,1275,4865,821,40,76386,GMT+8
ticks,1499950962454000000,i1709,4870,4870,1220,4865,825,130,76516,GMT+8
ticks,1499950962921000000,i1709,4865,4870,1109,4865,834,62,76578,GMT+8
ticks,1499950963452000000,i1709,4865,4870,1054,4865,821,188,76766,GMT+8
ticks,1499950963944000000,i1709,4870,4870,1050,4865,762,24,76790,GMT+8
ticks,1499950964442000000,i1709,4865,4870,1042,4865,762,22,76812,GMT+8
ticks,1499950964952000000,i1709,4865,4870,1028,4865,780,22,76834,GMT+8
ticks,1499950965449000000,i1709,4865,4870,1014,4865,791,44,76878,GMT+8
ticks,1499950965951000000,i1709,4870,4870,1114,4865,242,1268,78146,GMT+8
ticks,1499950966444000000,i1709,4865,4870,1142,4865,139,224,78370,GMT+8
ticks,1499950966879000000,i1709,4860,4865,174,4860,2836,282,78652,GMT+8
ticks,1499950967454000000,i1709,4860,4865,59,4860,2404,2726,81378,GMT+8
ticks,1499950967946000000,i1709,4860,4865,294,4860,2193,564,81942,GMT+8
ticks,1499950968444000000,i1709,4865,4865,337,4860,2207,108,82050,GMT+8
ticks,1499950968943000000,i1709,4865,4865,357,4860,2195,16,82066,GMT+8
ticks,1499950969387000000,i1709,4865,4865,333,4860,2171,72,82138,GMT+8
ticks,1499950969946000000,i1709,4865,4870,1089,4865,236,678,82816,GMT+8
ticks,1499950970452000000,i1709,4865,4870,1088,4865,513,116,82932,GMT+8
ticks,1499950970936000000,i1709,4865,4870,1100,4865,401,504,83436,GMT+8
ticks,1499950971452000000,i1709,4865,4870,1094,4865,166,536,83972,GMT+8
ticks,1499950971907000000,i1709,4865,4870,496,4865,227,1024,84996,GMT+8
ticks,1499950972407000000,i1709,4865,4870,516,4865,335,414,85410,GMT+8
ticks,1499950972927000000,i1709,4865,4870,559,4865,325,698,86108,GMT+8
ticks,1499950973436000000,i1709,4870,4875,926,4870,32,1566,87674,GMT+8
ticks,1499950973941000000,i1709,4870,4870,83,4865,666,122,87796,GMT+8
ticks,1499950974449000000,i1709,4865,4870,140,4865,817,32,87828,GMT+8
ticks,1499950974935000000,i1709,4870,4870,350,4865,872,226,88054,GMT+8
ticks,1499950975400000000,i1709,4870,4870,511,4865,881,18,88072,GMT+8
ticks,1499950975929000000,i1709,4870,4875,1059,4870,232,1034,89106,GMT+8
ticks,1499950976452000000,i1709,4870,4875,1119,4870,233,30,89136,GMT+8
ticks,1499950976847000000,i1709,4870,4875,1120,4870,205,200,89336,GMT+8
ticks,1499950977380000000,i1709,4870,4870,364,4865,941,512,89848,GMT+8
ticks,1499950977925000000,i1709,4870,4870,408,4865,1088,12,89860,GMT+8
ticks,1499950978451000000,i1709,4870,4870,545,4865,1176,4,89864,GMT+8
ticks,1499950978942000000,i1709,4865,4870,547,4865,971,30,89894,GMT+8
ticks,1499950979448000000,i1709,4870,4870,535,4865,982,32,89926,GMT+8
ticks,1499950979946000000,i1709,4865,4870,269,4865,1080,500,90426,GMT+8
ticks,1499950980446000000,i1709,4865,4870,94,4865,1105,358,90784,GMT+8
ticks,1499950980944000000,i1709,4875,4875,1269,4870,70,300,91084,GMT+8
ticks,1499950981431000000,i1709,4875,4875,1335,4870,67,46,91130,GMT+8
ticks,1499950981945000000,i1709,4870,4870,13,4865,1149,172,91302,GMT+8
ticks,1499950982450000000,i1709,4865,4870,11,4865,1152,18,91320,GMT+8
ticks,1499950982903000000,i1709,4870,4870,285,4865,1195,8,91328,GMT+8
ticks,1499950983455000000,i1709,4870,4870,478,4865,1167,242,91570,GMT+8
ticks,1499950983949000000,i1709,4870,4870,297,4865,1163,432,92002,GMT+8
ticks,1499950984450000000,i1709,4870,4875,1431,4870,175,654,92656,GMT+8
ticks,1499950984936000000,i1709,4870,4875,1421,4870,62,314,92970,GMT+8
ticks,1499950985424000000,i1709,4870,4870,22,4865,1231,674,93644,GMT+8
ticks,1499950985941000000,i1709,4870,4870,111,4865,1247,128,93772,GMT+8
ticks,1499950986449000000,i1709,4870,4870,107,4865,981,1236,95008,GMT+8
ticks,1499950986945000000,i1709,4870,4875,1681,4870,99,70,95078,GMT+8
ticks,1499950987435000000,i1709,4870,4875,1681,4870,68,116,95194,GMT+8
ticks,1499950987947000000,i1709,4870,4875,1636,4870,90,152,95346,GMT+8
ticks,1499950988452000000,i1709,4870,4875,1628,4870,121,6,95352,GMT+8
ticks,1499950988949000000,i1709,4875,4875,1626,4870,174,110,95462,GMT+8
ticks,1499950989439000000,i1709,4870,4870,320,4865,1226,494,95956,GMT+8
ticks,1499950989869000000,i1709,4870,4870,417,4865,1252,0,95956,GMT+8
ticks,1499950990455000000,i1709,4870,4870,449,4865,1265,2,95958,GMT+8
ticks,1499950990913000000,i1709,4870,4870,480,4865,1271,26,95984,GMT+8
ticks,1499950991435000000,i1709,4870,4870,477,4865,1290,12,95996,GMT+8
ticks,1499950991949000000,i1709,4870,4870,451,4865,1296,78,96074,GMT+8
ticks,1499950992450000000,i1709,4870,4870,444,4865,1275,140,96214,GMT+8
ticks,1499950992954000000,i1709,4870,4870,401,4865,1278,156,96370,GMT+8
ticks,1499950993442000000,i1709,4865,4870,390,4865,1282,52,96422,GMT+8
ticks,1499950993923000000,i1709,4870,4870,370,4865,1072,592,97014,GMT+8
ticks,1499950994426000000,i1709,4870,4870,404,4865,1070,48,97062,GMT+8
ticks,1499950994944000000,i1709,4870,4870,534,4865,1074,60,97122,GMT+8
ticks,1499950995372000000,i1709,4865,4870,525,4865,1091,18,97140,GMT+8
ticks,1499950995947000000,i1709,4865,4870,512,4865,1112,44,97184,GMT+8
ticks,1499950996447000000,i1709,4870,4870,558,4865,1083,90,97274,GMT+8
ticks,1499950996924000000,i1709,4870,4870,611,4865,1081,56,97330,GMT+8
ticks,1499950997416000000,i1709,4865,4870,592,4865,1089,70,97400,GMT+8
ticks,1499950997950000000,i1709,4865,4870,597,4865,1126,28,97428,GMT+8
ticks,1499950998446000000,i1709,4870,4870,591,4865,1129,86,97514,GMT+8
ticks,1499950998936000000,i1709,4870,4870,589,4865,1172,6,97520,GMT+8
ticks,1499950999417000000,i1709,4870,4870,763,4865,1197,80,97600,GMT+8
ticks,1499950999951000000,i1709,4865,4870,711,4865,1208,24,97624,GMT+8
ticks,1499951000426000000,i1709,4870,4870,702,4865,1207,24,97648,GMT+8
ticks,1499951000890000000,i1709,4870,4870,714,4865,1246,10,97658,GMT+8
ticks,1499951001452000000,i1709,4870,4870,694,4865,1254,42,97700,GMT+8
ticks,1499951001954000000,i1709,4865,4870,689,4865,1250,24,97724,GMT+8
ticks,1499951002447000000,i1709,4870,4870,792,4865,1243,64,97788,GMT+8
ticks,1499951002943000000,i1709,4870,4870,779,4865,1253,24,97812,GMT+8
ticks,1499951003434000000,i1709,4870,4870,741,4865,1258,96,97908,GMT+8
ticks,1499951003948000000,i1709,4870,4870,739,4865,1239,72,97980,GMT+8
ticks,1499951004455000000,i1709,4870,4870,728,4865,1230,48,98028,GMT+8
ticks,1499951004911000000,i1709,4870,4870,725,4865,1229,14,98042,GMT+8
ticks,1499951005441000000,i1709,4870,4870,724,4865,1230,4,98046,GMT+8
ticks,1499951005930000000,i1709,4865,4870,721,4865,1243,54,98100,GMT+8
ticks,1499951006452000000,i1709,4870,4870,677,4865,1244,88,98188,GMT+8
ticks,1499951006913000000,i1709,4870,4870,685,4865,1249,6,98194,GMT+8
ticks,1499951007414000000,i1709,4870,4870,675,4865,1250,26,98220,GMT+8
ticks,1499951007946000000,i1709,4870,4870,689,4865,1255,16,98236,GMT+8
ticks,1499951008418000000,i1709,4870,4870,686,4865,1263,12,98248,GMT+8
ticks,1499951008936000000,i1709,4870,4870,659,4865,1263,58,98306,GMT+8
ticks,1499951009453000000,i1709,4865,4870,547,4865,1288,230,98536,GMT+8
ticks,1499951009900000000,i1709,4870,4870,543,4865,1285,20,98556,GMT+8
ticks,1499951010445000000,i1709,4870,4870,539,4865,1277,26,98582,GMT+8
ticks,1499951010950000000,i1709,4870,4870,535,4865,1278,10,98592,GMT+8
ticks,1499951011452000000,i1709,4870,4870,529,4865,1273,28,98620,GMT+8
ticks,1499951011942000000,i1709,4870,4870,526,4865,1275,10,98630,GMT+8
ticks,1499951012406000000,i1709,4870,4870,526,4865,1275,4,98634,GMT+8
ticks,1499951012950000000,i1709,4870,4870,555,4865,1283,14,98648,GMT+8
ticks,1499951013425000000,i1709,4865,4870,556,4865,1288,26,98674,GMT+8
ticks,1499951013947000000,i1709,4870,4870,543,4865,1278,54,98728,GMT+8
ticks,1499951014357000000,i1709,4870,4870,536,4865,1282,14,98742,GMT+8
ticks,1499951014935000000,i1709,4870,4870,523,4865,1327,48,98790,GMT+8
ticks,1499951015443000000,i1709,4870,4870,517,4865,1327,16,98806,GMT+8
ticks,1499951015954000000,i1709,4870,4870,510,4865,1312,52,98858,GMT+8
ticks,1499951016449000000,i1709,4870,4870,38,4865,1283,1302,100160,GMT+8
ticks,1499951016955000000,i1709,4870,4870,178,4865,1323,438,100598,GMT+8
ticks,1499951017419000000,i1709,4870,4870,565,4865,1321,194,100792,GMT+8
ticks,1499951017922000000,i1709,4870,4870,953,4865,1368,16,100808,GMT+8
ticks,1499951018429000000,i1709,4870,4870,1499,4865,1370,8,100816,GMT+8
ticks,1499951018937000000,i1709,4865,4870,1599,4865,1236,246,101062,GMT+8
ticks,1499951019380000000,i1709,4870,4870,1584,4865,1228,54,101116,GMT+8
ticks,1499951019943000000,i1709,4870,4870,1577,4865,1157,138,101254,GMT+8
ticks,1499951020439000000,i1709,4870,4870,1551,4865,1121,114,101368,GMT+8
ticks,1499951020945000000,i1709,4865,4870,1555,4860,3472,2238,103606,GMT+8
ticks,1499951021456000000,i1709,4865,4865,244,4860,3735,34,103640,GMT+8
ticks,1499951021951000000,i1709,4865,4865,344,4860,3730,28,103668,GMT+8
ticks,1499951022450000000,i1709,4865,4865,391,4860,3712,4,103672,GMT+8
ticks,1499951022917000000,i1709,4865,4865,374,4860,3817,36,103708,GMT+8
ticks,1499951023455000000,i1709,4860,4865,347,4860,3819,32,103740,GMT+8
ticks,1499951023913000000,i1709,4865,4865,301,4860,3813,60,103800,GMT+8
ticks,1499951024439000000,i1709,4865,4865,289,4860,3806,46,103846,GMT+8
ticks,1499951024953000000,i1709,4865,4865,320,4860,3720,188,104034,GMT+8
ticks,1499951025445000000,i1709,4865,4865,259,4860,3627,302,104336,GMT+8
ticks,1499951025942000000,i1709,4860,4865,236,4860,3503,80,104416,GMT+8
ticks,1499951026439000000,i1709,4865,4865,210,4860,3513,54,104470,GMT+8
ticks,1499951026928000000,i1709,4860,4865,90,4860,3510,310,104780,GMT+8
ticks,1499951027405000000,i1709,4865,4870,1556,4865,225,186,104966,GMT+8
ticks,1499951027939000000,i1709,4865,4870,1555,4865,397,44,105010,GMT+8
ticks,1499951028429000000,i1709,4865,4870,1605,4865,398,4,105014,GMT+8
ticks,1499951028895000000,i1709,4865,4870,1606,4865,395,28,105042,GMT+8
ticks,1499951029441000000,i1709,4865,4870,1606,4865,383,34,105076,GMT+8
ticks,1499951029910000000,i1709,4865,4865,64,4860,3536,800,105876,GMT+8
ticks,1499951030441000000,i1709,4865,4865,75,4860,3540,38,105914,GMT+8
ticks,1499951030925000000,i1709,4865,4865,55,4860,3513,70,105984,GMT+8
ticks,1499951031426000000,i1709,4865,4865,49,4860,3470,32,106016,GMT+8
ticks,1499951031863000000,i1709,4870,4870,1449,4865,11,418,106434,GMT+8
ticks,1499951032443000000,i1709,4870,4870,1445,4865,87,10,106444,GMT+8
ticks,1499951032954000000,i1709,4865,4870,1837,4865,116,6,106450,GMT+8
ticks,1499951033450000000,i1709,4865,4870,1841,4865,195,76,106526,GMT+8
ticks,1499951033932000000,i1709,4865,4870,1842,4865,218,22,106548,GMT+8
ticks,1499951034401000000,i1709,4865,4865,118,4860,3508,504,107052,GMT+8
ticks,1499951034940000000,i1709,4860,4865,118,4860,3504,24,107076,GMT+8
ticks,1499951035447000000,i1709,4865,4865,215,4860,3513,38,107114,GMT+8
ticks,1499951035925000000,i1709,4865,4865,399,4860,3508,48,107162,GMT+8
ticks,1499951036452000000,i1709,4865,4865,399,4860,3511,6,107168,GMT+8
ticks,1499951036926000000,i1709,4865,4865,526,4860,3517,6,107174,GMT+8
ticks,1499951037427000000,i1709,4865,4865,570,4860,3523,42,107216,GMT+8
ticks,1499951037919000000,i1709,4865,4865,244,4860,3526,674,107890,GMT+8
ticks,1499951038441000000,i1709,4865,4870,1857,4865,397,574,108464,GMT+8
ticks,1499951038928000000,i1709,4865,4870,1856,4865,475,74,108538,GMT+8
ticks,1499951039437000000,i1709,4870,4870,1854,4865,561,8,108546,GMT+8
ticks,1499951039946000000,i1709,4865,4870,1854,4865,582,24,108570,GMT+8
ticks,1499951040451000000,i1709,4870,4870,1923,4865,653,4,108574,GMT+8
ticks,1499951040929000000,i1709,4865,4870,1923,4865,788,38,108612,GMT+8
ticks,1499951041451000000,i1709,4865,4870,1915,4865,840,56,108668,GMT+8
ticks,1499951041911000000,i1709,4865,4870,1915,4865,859,8,108676,GMT+8
ticks,1499951042446000000,i1709,4865,4870,1939,4865,859,2,108678,GMT+8
ticks,1499951042892000000,i1709,4865,4870,2039,4865,852,16,108694,GMT+8
ticks,1499951043446000000,i1709,4865,4870,2042,4865,817,8,108702,GMT+8
ticks,1499951043934000000,i1709,4865,4870,1813,4865,804,490,109192,GMT+8
ticks,1499951044455000000,i1709,4865,4870,1812,4865,805,22,109214,GMT+8
ticks,1499951044946000000,i1709,4865,4870,1799,4865,798,50,109264,GMT+8
ticks,1499951045453000000,i1709,4865,4870,1810,4865,810,2,109266,GMT+8
ticks,1499951045923000000,i1709,4865,4870,1809,4865,859,14,109280,GMT+8
ticks,1499951046443000000,i1709,4870,4870,1815,4865,691,424,109704,GMT+8
ticks,1499951046927000000,i1709,4870,4870,1821,4865,765,6,109710,GMT+8
ticks,1499951047434000000,i1709,4870,4870,1819,4865,756,164,109874,GMT+8
ticks,1499951047938000000,i1709,4865,4870,1819,4865,814,14,109888,GMT+8
ticks,1499951048450000000,i1709,4870,4870,1619,4865,785,400,110288,GMT+8
ticks,1499951048942000000,i1709,4865,4870,1640,4865,797,6,110294,GMT+8
ticks,1499951049432000000,i1709,4870,4870,1652,4865,805,12,110306,GMT+8
ticks,1499951049914000000,i1709,4870,4870,2150,4865,865,28,110334,GMT+8
ticks,1499951050429000000,i1709,4865,4870,2146,4865,884,12,110346,GMT+8
ticks,1499951050914000000,i1709,4865,4870,2146,4865,910,10,110356,GMT+8
ticks,1499951051426000000,i1709,4865,4870,2148,4865,907,0,110356,GMT+8
ticks,1499951051910000000,i1709,4870,4870,2148,4865,837,204,110560,GMT+8
ticks,1499951052445000000,i1709,4870,4870,2146,4865,832,4,110564,GMT+8
ticks,1499951052942000000,i1709,4870,4870,2139,4865,853,16,110580,GMT+8
ticks,1499951053429000000,i1709,4865,4870,2139,4865,1490,20,110600,GMT+8
ticks,1499951053936000000,i1709,4870,4870,1938,4865,1641,402,111002,GMT+8
ticks,1499951054433000000,i1709,4865,4870,1941,4865,1733,2,111004,GMT+8
ticks,1499951054930000000,i1709,4870,4875,1207,4870,355,2084,113088,GMT+8
ticks,1499951055447000000,i1709,4870,4875,1054,4870,1201,26,113114,GMT+8
ticks,1499951055955000000,i1709,4870,4875,1053,4870,1247,6,113120,GMT+8
ticks,1499951056441000000,i1709,4875,4875,1041,4870,1248,24,113144,GMT+8
ticks,1499951056952000000,i1709,4875,4875,966,4870,1248,150,113294,GMT+8
ticks,1499951057441000000,i1709,4875,4875,962,4870,1265,8,113302,GMT+8
ticks,1499951057918000000,i1709,4870,4875,962,4870,1180,180,113482,GMT+8
ticks,1499951058418000000,i1709,4870,4875,915,4870,1178,60,113542,GMT+8
ticks,1499951058876000000,i1709,4875,4875,898,4870,1378,36,113578,GMT+8
ticks,1499951059453000000,i1709,4875,4875,889,4870,1381,20,113598,GMT+8
ticks,1499951059953000000,i1709,4875,4875,888,4870,1354,68,113666,GMT+8
ticks,1499951060452000000,i1709,4875,4875,894,4870,1419,56,113722,GMT+8
ticks,1499951060944000000,i1709,4870,4875,895,4870,1410,22,113744,GMT+8
ticks,1499951061383000000,i1709,4875,4875,884,4870,1412,28,113772,GMT+8
ticks,1499951061931000000,i1709,4870,4875,899,4870,1395,42,113814,GMT+8
ticks,1499951062389000000,i1709,4875,4875,880,4870,1394,38,113852,GMT+8
ticks,1499951062941000000,i1709,4875,4875,647,4870,1405,322,114174,GMT+8
ticks,1499951063362000000,i1709,4875,4875,469,4870,1401,370,114544,GMT+8
ticks,1499951063902000000,i1709,4875,4875,389,4870,1379,178,114722,GMT+8
ticks,1499951064442000000,i1709,4875,4875,398,4870,1381,34,114756,GMT+8
ticks,1499951064930000000,i1709,4870,4875,335,4870,1379,130,114886,GMT+8
ticks,1499951065454000000,i1709,4875,4875,327,4870,1387,18,114904,GMT+8
ticks,1499951065916000000,i1709,4875,4875,324,4870,1159,522,115426,GMT+8
ticks,1499951066452000000,i1709,4870,4875,364,4870,1215,36,115462,GMT+8
ticks,1499951066953000000,i1709,4875,4875,389,4870,1215,116,115578,GMT+8
ticks,1499951067441000000,i1709,4875,4875,388,4870,1213,14,115592,GMT+8
ticks,1499951067858000000,i1709,4875,4875,752,4870,1220,18,115610,GMT+8
ticks,1499951068455000000,i1709,4875,4875,784,4870,1227,62,115672,GMT+8
ticks,1499951068893000000,i1709,4870,4875,795,4870,1226,4,115676,GMT+8
ticks,1499951069394000000,i1709,4870,4875,795,4870,1227,12,115688,GMT+8
ticks,1499951069954000000,i1709,4875,4875,945,4870,656,1166,116854,GMT+8
ticks,1499951070452000000,i1709,4870,4870,243,4865,1135,1338,118192,GMT+8
ticks,1499951070910000000,i1709,4870,4870,351,4865,1138,12,118204,GMT+8
ticks,1499951071405000000,i1709,4870,4870,370,4865,1145,10,118214,GMT+8
ticks,1499951071898000000,i1709,4870,4870,358,4865,1166,26,118240,GMT+8
ticks,1499951072449000000,i1709,4870,4870,346,4865,1167,20,118260,GMT+8
ticks,1499951072955000000,i1709,4870,4870,354,4865,1166,10,118270,GMT+8
ticks,1499951073419000000,i1709,4870,4870,350,4865,1168,8,118278,GMT+8
ticks,1499951073932000000,i1709,4870,4870,349,4865,1166,14,118292,GMT+8
ticks,1499951074456000000,i1709,4870,4870,393,4865,1165,40,118332,GMT+8
ticks,1499951074946000000,i1709,4870,4870,400,4865,1144,38,118370,GMT+8
ticks,1499951075441000000,i1709,4870,4870,395,4865,1156,8,118378,GMT+8
ticks,1499951075951000000,i1709,4870,4870,390,4865,1158,34,118412,GMT+8
ticks,1499951076443000000,i1709,4870,4870,363,4865,1110,186,118598,GMT+8
ticks,1499951076950000000,i1709,4870,4870,345,4865,1110,38,118636,GMT+8
ticks,1499951077421000000,i1709,4870,4870,358,4865,1113,50,118686,GMT+8
ticks,1499951077952000000,i1709,4870,4870,350,4865,1112,36,118722,GMT+8
ticks,1499951078433000000,i1709,4870,4870,156,4865,1113,414,119136,GMT+8
ticks,1499951078878000000,i1709,4870,4870,147,4865,1123,72,119208,GMT+8
ticks,1499951079435000000,i1709,4870,4875,1725,4870,330,298,119506,GMT+8
ticks,1499951079915000000,i1709,4870,4875,1731,4870,409,30,119536,GMT+8
ticks,1499951080452000000,i1709,4870,4875,2181,4870,384,54,119590,GMT+8
ticks,1499951080941000000,i1709,4870,4870,903,4865,1185,792,120382,GMT+8
ticks,1499951081440000000,i1709,4870,4870,952,4865,1098,4,120386,GMT+8
ticks,1499951081894000000,i1709,4870,4870,1996,4865,1098,16,120402,GMT+8
ticks,1499951082434000000,i1709,4870,4870,1995,4865,1019,164,120566,GMT+8
ticks,1499951082953000000,i1709,4870,4870,1824,4865,1015,412,120978,GMT+8
ticks,1499951083431000000,i1709,4870,4870,1845,4865,997,4,120982,GMT+8
ticks,1499951083949000000,i1709,4865,4870,1238,4865,959,122,121104,GMT+8
ticks,1499951084454000000,i1709,4870,4870,1229,4865,975,26,121130,GMT+8
ticks,1499951084941000000,i1709,4865,4870,1219,4865,969,30,121160,GMT+8
ticks,1499951085445000000,i1709,4870,4870,1164,4865,965,48,121208,GMT+8
ticks,1499951085822000000,i1709,4865,4870,1173,4865,965,4,121212,GMT+8
ticks,1499951086400000000,i1709,4870,4870,1191,4865,970,126,121338,GMT+8
ticks,1499951086932000000,i1709,4870,4870,1170,4865,933,84,121422,GMT+8
ticks,1499951087419000000,i1709,4865,4865,119,4860,2925,1898,123320,GMT+8
ticks,1499951087950000000,i1709,4865,4865,391,4860,2915,14,123334,GMT+8
ticks,1499951088406000000,i1709,4865,4865,415,4860,2871,6,123340,GMT+8
ticks,1499951088955000000,i1709,4865,4865,387,4860,2868,58,123398,GMT+8
ticks,1499951089450000000,i1709,4865,4865,378,4860,2867,14,123412,GMT+8
ticks,1499951089934000000,i1709,4860,4865,383,4860,2864,20,123432,GMT+8
ticks,1499951090439000000,i1709,4860,4865,368,4860,2863,42,123474,GMT+8
ticks,1499951090869000000,i1709,4865,4865,373,4860,2851,28,123502,GMT+8
ticks,1499951091456000000,i1709,4865,4870,1248,4865,604,714,124216,GMT+8
ticks,1499951091955000000,i1709,4865,4870,1250,4865,1289,6,124222,GMT+8
ticks,1499951092424000000,i1709,4865,4870,1252,4865,1405,2,124224,GMT+8
ticks,1499951092949000000,i1709,4865,4870,1251,4865,1398,30,124254,GMT+8
ticks,1499951093442000000,i1709,4870,4870,1252,4865,1507,6,124260,GMT+8
ticks,1499951093954000000,i1709,4870,4870,1254,4865,1514,10,124270,GMT+8
ticks,1499951094440000000,i1709,4870,4870,1256,4865,1521,0,124270,GMT+8
ticks,1499951094951000000,i1709,4870,4870,1256,4865,1622,6,124276,GMT+8
ticks,1499951095423000000,i1709,4865,4870,1259,4865,1623,6,124282,GMT+8
ticks,1499951095951000000,i1709,4865,4870,1255,4865,1331,2,124284,GMT+8
ticks,1499951096441000000,i1709,4865,4870,1256,4865,1322,24,124308,GMT+8
ticks,1499951096956000000,i1709,4865,4870,1260,4865,1316,6,124314,GMT+8
ticks,1499951097442000000,i1709,4870,4870,1019,4865,1433,402,124716,GMT+8
ticks,1499951097880000000,i1709,4865,4870,1019,4865,1423,40,124756,GMT+8
ticks,1499951098429000000,i1709,4865,4870,1020,4865,1442,6,124762,GMT+8
ticks,1499951098933000000,i1709,4870,4870,1019,4865,1442,6,124768,GMT+8
ticks,1499951099447000000,i1709,4870,4870,1027,4865,1446,4,124772,GMT+8
ticks,1499951099944000000,i1709,4865,4870,1026,4865,1453,10,124782,GMT+8
ticks,1499951100425000000,i1709,4865,4870,1029,4865,1453,0,124782,GMT+8
ticks,1499951100952000000,i1709,4870,4870,835,4865,1489,412,125194,GMT+8
ticks,1499951101441000000,i1709,4865,4870,847,4865,1290,202,125396,GMT+8
ticks,1499951101907000000,i1709,4865,4870,1001,4865,1295,10,125406,GMT+8
ticks,1499951102447000000,i1709,4865,4870,1023,4865,1162,50,125456,GMT+8
ticks,1499951102923000000,i1709,4865,4870,1048,4865,1188,8,125464,GMT+8
ticks,1499951103456000000,i1709,4870,4870,1170,4865,1189,2,125466,GMT+8
ticks,1499951103947000000,i1709,4870,4870,1109,4865,1205,140,125606,GMT+8
ticks,1499951104433000000,i1709,4865,4870,1154,4865,190,810,126416,GMT+8
ticks,1499951104898000000,i1709,4870,4870,1148,4865,51,790,127206,GMT+8
ticks,1499951105451000000,i1709,4870,4870,1254,4865,8,204,127410,GMT+8
ticks,1499951105948000000,i1709,4865,4865,53,4860,2745,50,127460,GMT+8
ticks,1499951106448000000,i1709,4865,4865,327,4860,2647,0,127460,GMT+8
ticks,1499951106928000000,i1709,4865,4865,458,4860,2648,2,127462,GMT+8
ticks,1499951107420000000,i1709,4865,4865,479,4860,2648,14,127476,GMT+8
ticks,1499951107903000000,i1709,4865,4865,727,4860,2758,32,127508,GMT+8
ticks,1499951108437000000,i1709,4865,4865,699,4860,2760,6,127514,GMT+8
ticks,1499951108932000000,i1709,4865,4865,703,4860,2756,20,127534,GMT+8
ticks,1499951109446000000,i1709,4865,4865,707,4860,2802,18,127552,GMT+8
ticks,1499951109941000000,i1709,4865,4865,500,4860,2802,428,127980,GMT+8
ticks,1499951110375000000,i1709,4865,4865,492,4860,2802,20,128000,GMT+8
ticks,1499951110921000000,i1709,4865,4865,486,4860,2687,248,128248,GMT+8
ticks,1499951111449000000,i1709,4865,4865,474,4860,2686,26,128274,GMT+8
ticks,1499951111949000000,i1709,4865,4865,456,4860,2681,58,128332,GMT+8
ticks,1499951112357000000,i1709,4865,4865,445,4860,2681,22,128354,GMT+8
ticks,1499951112846000000,i1709,4865,4865,498,4860,2684,24,128378,GMT+8
ticks,1499951113350000000,i1709,4865,4865,498,4860,2780,2,128380,GMT+8
ticks,1499951113954000000,i1709,4865,4865,479,4860,2763,82,128462,GMT+8
ticks,1499951114422000000,i1709,4865,4865,474,4860,2678,28,128490,GMT+8
ticks,1499951114869000000,i1709,4865,4865,252,4860,2677,460,128950,GMT+8
ticks,1499951115416000000,i1709,4860,4865,247,4860,2677,16,128966,GMT+8
ticks,1499951115944000000,i1709,4865,4865,242,4860,2679,14,128980,GMT+8
ticks,1499951116433000000,i1709,4865,4865,229,4860,2680,26,129006,GMT+8
ticks,1499951116956000000,i1709,4860,4865,226,4860,2359,652,129658,GMT+8
ticks,1499951117435000000,i1709,4860,4865,243,4860,2358,12,129670,GMT+8
ticks,1499951117942000000,i1709,4865,4865,423,4860,2346,62,129732,GMT+8
ticks,1499951118455000000,i1709,4865,4865,277,4860,2346,320,130052,GMT+8
ticks,1499951118939000000,i1709,4865,4870,1276,4865,398,556,130608,GMT+8
ticks,1499951119442000000,i1709,4865,4870,1277,4865,494,6,130614,GMT+8
ticks,1499951119953000000,i1709,4865,4870,1077,4865,523,444,131058,GMT+8
ticks,1499951120447000000,i1709,4865,4870,929,4865,698,6,131064,GMT+8
ticks,1499951120943000000,i1709,4865,4870,915,4865,35,1244,132308,GMT+8
ticks,1499951121417000000,i1709,4865,4870,945,4865,125,342,132650,GMT+8
ticks,1499951121955000000,i1709,4865,4870,952,4865,188,2,132652,GMT+8
ticks,1499951122395000000,i1709,4865,4870,941,4865,378,30,132682,GMT+8
ticks,1499951122940000000,i1709,4865,4870,939,4865,513,10,132692,GMT+8
ticks,1499951123396000000,i1709,4865,4870,1032,4865,536,4,132696,GMT+8
ticks,1499951123951000000,i1709,4865,4870,1032,4865,559,10,132706,GMT+8
ticks,1499951124373000000,i1709,4865,4870,947,4865,508,66,132772,GMT+8
ticks,1499951124947000000,i1709,4870,4870,856,4865,590,418,133190,GMT+8
ticks,1499951125416000000,i1709,4865,4870,998,4865,701,2,133192,GMT+8
ticks,1499951125926000000,i1709,4870,4870,998,4865,928,4,133196,GMT+8
ticks,1499951126454000000,i1709,4870,4870,995,4865,955,12,133208,GMT+8
ticks,1499951126948000000,i1709,4870,4870,988,4865,944,48,133256,GMT+8
ticks,1499951127346000000,i1709,4865,4870,988,4865,955,8,133264,GMT+8
ticks,1499951127899000000,i1709,4870,4870,988,4865,912,128,133392,GMT+8
ticks,1499951128350000000,i1709,4870,4870,990,4865,912,0,133392,GMT+8
ticks,1499951128917000000,i1709,4865,4870,998,4865,908,14,133406,GMT+8
ticks,1499951129453000000,i1709,4865,4870,781,4865,821,900,134306,GMT+8
ticks,1499951129903000000,i1709,4870,4870,780,4865,858,4,134310,GMT+8
ticks,1499951130457000000,i1709,4870,4870,819,4865,849,30,134340,GMT+8
ticks,1499951130894000000,i1709,4870,4870,818,4865,846,10,134350,GMT+8
ticks,1499951131424000000,i1709,4865,4870,811,4865,849,2,134352,GMT+8
ticks,1499951131948000000,i1709,4865,4870,812,4865,846,10,134362,GMT+8
ticks,1499951132455000000,i1709,4865,4870,803,4865,838,52,134414,GMT+8
ticks,1499951132952000000,i1709,4865,4870,630,4865,822,454,134868,GMT+8
ticks,1499951133391000000,i1709,4870,4870,604,4865,877,4,134872,GMT+8
ticks,1499951133920000000,i1709,4865,4870,903,4865,877,16,134888,GMT+8
ticks,1499951134428000000,i1709,4870,4870,903,4865,926,2,134890,GMT+8
ticks,1499951134951000000,i1709,4865,4870,903,4865,975,4,134894,GMT+8
ticks,1499951135450000000,i1709,4865,4870,902,4865,984,0,134894,GMT+8
ticks,1499951135955000000,i1709,4870,4870,898,4865,984,10,134904,GMT+8
ticks,1499951136387000000,i1709,4870,4870,872,4865,994,54,134958,GMT+8
ticks,1499951136893000000,i1709,4865,4870,889,4865,990,8,134966,GMT+8
ticks,1499951137441000000,i1709,4865,4870,889,4865,992,2,134968,GMT+8
ticks,1499951137931000000,i1709,4865,4870,684,4865,993,414,135382,GMT+8
ticks,1499951138419000000,i1709,4870,4870,689,4865,1004,72,135454,GMT+8
ticks,1499951138938000000,i1709,4865,4870,716,4865,1008,8,135462,GMT+8
ticks,1499951139300000000,i1709,4870,4870,740,4865,1009,2,135464,GMT+8
ticks,1499951139941000000,i1709,4865,4870,637,4865,821,512,135976,GMT+8
ticks,1499951140453000000,i1709,4870,4870,622,4865,923,36,136012,GMT+8
ticks,1499951140956000000,i1709,4870,4870,649,4865,921,10,136022,GMT+8
ticks,1499951141386000000,i1709,4870,4870,647,4865,929,4,136026,GMT+8
ticks,1499951141949000000,i1709,4870,4870,644,4865,934,10,136036,GMT+8
ticks,1499951142432000000,i1709,4870,4870,747,4865,737,0,136036,GMT+8
ticks,1499951142886000000,i1709,4870,4870,746,4865,826,6,136042,GMT+8
ticks,1499951143429000000,i1709,4870,4870,740,4865,835,14,136056,GMT+8
ticks,1499951143953000000,i1709,4865,4870,767,4865,833,6,136062,GMT+8
ticks,1499951144439000000,i1709,4865,4870,768,4865,841,0,136062,GMT+8
ticks,1499951144829000000,i1709,4870,4870,664,4865,971,8,136070,GMT+8
ticks,1499951145421000000,i1709,4865,4870,667,4865,994,6,136076,GMT+8
ticks,1499951145927000000,i1709,4865,4870,668,4865,994,20,136096,GMT+8
ticks,1499951146390000000,i1709,4870,4870,660,4865,1004,24,136120,GMT+8
ticks,1499951146926000000,i1709,4865,4870,659,4865,1004,2,136122,GMT+8
ticks,1499951147456000000,i1709,4865,4870,658,4865,1012,4,136126,GMT+8
ticks,1499951147933000000,i1709,4865,4870,659,4865,1012,2,136128,GMT+8
ticks,1499951148420000000,i1709,4870,4870,610,4865,1013,100,136228,GMT+8
ticks,1499951148942000000,i1709,4865,4870,614,4865,1018,12,136240,GMT+8
ticks,1499951149381000000,i1709,4870,4870,612,4865,1028,4,136244,GMT+8
ticks,1499951149955000000,i1709,4870,4870,603,4865,1098,20,136264,GMT+8
ticks,1499951150443000000,i1709,4870,4870,612,4865,1111,6,136270,GMT+8
ticks,1499951150954000000,i1709,4870,4870,577,4865,1113,76,136346,GMT+8
ticks,1499951151402000000,i1709,4870,4870,851,4865,1113,4,136350,GMT+8
ticks,1499951151956000000,i1709,4870,4870,852,4865,1111,22,136372,GMT+8
ticks,1499951152377000000,i1709,4870,4870,894,4865,1114,0,136372,GMT+8
ticks,1499951152909000000,i1709,4870,4870,892,4865,1118,18,136390,GMT+8
ticks,1499951153385000000,i1709,4870,4870,914,4865,1120,4,136394,GMT+8
ticks,1499951153926000000,i1709,4870,4870,904,4865,1113,24,136418,GMT+8
ticks,1499951154265000000,i1709,4870,4870,905,4865,1119,8,136426,GMT+8
ticks,1499951154948000000,i1709,4870,4870,904,4865,1121,16,136442,GMT+8
ticks,1499951155385000000,i1709,4870,4870,944,4865,1123,0,136442,GMT+8
ticks,1499951155817000000,i1709,4865,4870,949,4865,873,504,136946,GMT+8
ticks,1499951156379000000,i1709,4865,4870,929,4865,883,0,136946,GMT+8
ticks,1499951156866000000,i1709,4870,4870,926,4865,871,30,136976,GMT+8
ticks,1499951157351000000,i1709,4865,4870,926,4865,871,2,136978,GMT+8
ticks,1499951157883000000,i1709,4865,4870,925,4865,753,42,137020,GMT+8
ticks,1499951158419000000,i1709,4865,4870,924,4865,756,6,137026,GMT+8
ticks,1499951158956000000,i1709,4865,4870,975,4865,640,36,137062,GMT+8
ticks,1499951159453000000,i1709,4865,4870,975,4865,624,52,137114,GMT+8
ticks,1499951159939000000,i1709,4865,4870,1071,4865,625,4,137118,GMT+8
ticks,1499951160447000000,i1709,4865,4870,1076,4865,627,2,137120,GMT+8
ticks,1499951160894000000,i1709,4865,4870,1087,4865,651,12,137132,GMT+8
ticks,1499951161455000000,i1709,4870,4870,1085,4865,644,24,137156,GMT+8
ticks,1499951161911000000,i1709,4865,4870,1048,4865,642,24,137180,GMT+8
ticks,1499951162441000000,i1709,4865,4870,1065,4865,713,110,137290,GMT+8
ticks,1499951162953000000,i1709,4865,4870,1064,4865,767,100,137390,GMT+8
ticks,1499951163414000000,i1709,4870,4870,1060,4865,763,28,137418,GMT+8
ticks,1499951163849000000,i1709,4870,4870,1073,4865,936,14,137432,GMT+8
ticks,1499951164431000000,i1709,4870,4870,1085,4865,1006,4,137436,GMT+8
ticks,1499951164886000000,i1709,4865,4870,1087,4865,968,102,137538,GMT+8
ticks,1499951165435000000,i1709,4870,4870,1083,4865,959,52,137590,GMT+8
ticks,1499951165919000000,i1709,4865,4870,1083,4865,958,4,137594,GMT+8
ticks,1499951166445000000,i1709,4865,4870,1086,4865,956,8,137602,GMT+8
ticks,1499951166956000000,i1709,4870,4870,1089,4865,956,22,137624,GMT+8
ticks,1499951167299000000,i1709,4870,4870,1082,4865,956,18,137642,GMT+8
ticks,1499951167956000000,i1709,4870,4870,1101,4865,1009,4,137646,GMT+8
ticks,1499951168399000000,i1709,4865,4870,1128,4865,1009,4,137650,GMT+8
ticks,1499951168914000000,i1709,4865,4870,1053,4865,1018,4,137654,GMT+8
ticks,1499951169453000000,i1709,4870,4870,1051,4865,1225,10,137664,GMT+8
ticks,1499951169816000000,i1709,4865,4870,1049,4865,1218,18,137682,GMT+8
ticks,1499951170348000000,i1709,4865,4870,1050,4865,1412,10,137692,GMT+8
ticks,1499951170936000000,i1709,4865,4870,1050,4865,1464,2,137694,GMT+8
ticks,1499951171456000000,i1709,4870,4870,1038,4865,1469,24,137718,GMT+8
ticks,1499951171803000000,i1709,4870,4870,1039,4865,1542,8,137726,GMT+8
ticks,1499951172412000000,i1709,4870,4870,1033,4865,1476,146,137872,GMT+8
ticks,1499951172945000000,i1709,4865,4870,1033,4865,1476,6,137878,GMT+8
ticks,1499951173449000000,i1709,4865,4870,1035,4865,1491,0,137878,GMT+8
ticks,1499951173826000000,i1709,4870,4870,1030,4865,1452,16,137894,GMT+8
ticks,1499951174393000000,i1709,4870,4870,1038,4865,1452,2,137896,GMT+8
ticks,1499951174932000000,i1709,4865,4870,1043,4865,1447,14,137910,GMT+8
ticks,1499951175411000000,i1709,4870,4870,1042,4865,1457,4,137914,GMT+8
ticks,1499951175920000000,i1709,4865,4870,1043,4865,1453,8,137922,GMT+8
ticks,1499951176415000000,i1709,4870,4870,1037,4865,1379,184,138106,GMT+8
ticks,1499951176954000000,i1709,4870,4870,1043,4865,1388,12,138118,GMT+8
ticks,1499951177449000000,i1709,4870,4870,1041,4865,1413,6,138124,GMT+8
ticks,1499951177925000000,i1709,4870,4870,1037,4865,1413,16,138140,GMT+8
ticks,1499951178436000000,i1709,4870,4870,1036,4865,1413,4,138144,GMT+8
ticks,1499951178937000000,i1709,4865,4870,1052,4865,1410,14,138158,GMT+8
ticks,1499951179325000000,i1709,4870,4870,1047,4865,1462,12,138170,GMT+8
ticks,1499951179928000000,i1709,4870,4870,1057,4865,1496,12,138182,GMT+8
ticks,1499951180437000000,i1709,4870,4870,1056,4865,1498,4,138186,GMT+8
ticks,1499951180923000000,i1709,4870,4870,1050,4865,1500,16,138202,GMT+8
ticks,1499951181401000000,i1709,4870,4870,1039,4865,1510,10,138212,GMT+8
ticks,1499951181937000000,i1709,4865,4870,1050,4865,1509,6,138218,GMT+8
ticks,1499951182402000000,i1709,4870,4870,1049,4865,1612,4,138222,GMT+8
ticks,1499951182917000000,i1709,4865,4870,1049,4865,1611,4,138226,GMT+8
ticks,1499951183430000000,i1709,4865,4870,1045,4865,1617,0,138226,GMT+8
ticks,1499951183928000000,i1709,4870,4870,1047,4865,1621,4,138230,GMT+8
ticks,1499951184451000000,i1709,4865,4870,1029,4865,1625,42,138272,GMT+8
ticks,1499951184956000000,i1709,4865,4870,1029,4865,1627,2,138274,GMT+8
ticks,1499951185447000000,i1709,4865,4870,1033,4865,1631,0,138274,GMT+8
ticks,1499951185926000000,i1709,4870,4870,1032,4865,1609,48,138322,GMT+8
ticks,1499951186432000000,i1709,4870,4870,1029,4865,1626,6,138328,GMT+8
ticks,1499951186912000000,i1709,4865,4870,1028,4865,1631,6,138334,GMT+8
ticks,1499951187432000000,i1709,4870,4870,1004,4865,1628,44,138378,GMT+8
ticks,1499951187932000000,i1709,4865,4870,1005,4865,1626,4,138382,GMT+8
ticks,1499951188452000000,i1709,4865,4870,914,4865,1626,2,138384,GMT+8
ticks,1499951188885000000,i1709,4870,4870,913,4865,1621,12,138396,GMT+8
ticks,1499951189422000000,i1709,4870,4870,912,4865,1622,2,138398,GMT+8
ticks,1499951189863000000,i1709,4870,4870,900,4865,1616,20,138418,GMT+8
ticks,1499951190403000000,i1709,4870,4870,907,4865,1622,4,138422,GMT+8
ticks,1499951190887000000,i1709,4870,4870,931,4865,1593,10,138432,GMT+8
ticks,1499951191370000000,i1709,4870,4870,908,4865,1590,46,138478,GMT+8
ticks,1499951191718000000,i1709,4870,4870,902,4865,1589,14,138492,GMT+8
ticks,1499951192448000000,i1709,4865,4870,664,4865,1591,476,138968,GMT+8
ticks,1499951192911000000,i1709,4870,4870,381,4865,1592,62,139030,GMT+8
ticks,1499951193456000000,i1709,4870,4875,2172,4870,244,762,139792,GMT+8
ticks,1499951193936000000,i1709,4870,4875,2179,4870,282,2,139794,GMT+8
ticks,1499951194458000000,i1709,4870,4875,2179,4870,285,0,139794,GMT+8
ticks,1499951194886000000,i1709,4870,4870,482,4865,1615,1188,140982,GMT+8
ticks,1499951195446000000,i1709,4870,4870,553,4865,1616,10,140992,GMT+8
ticks,1499951195931000000,i1709,4870,4870,702,4865,1616,4,140996,GMT+8
ticks,1499951196377000000,i1709,4870,4870,708,4865,1615,2,140998,GMT+8
ticks,1499951196946000000,i1709,4865,4870,714,4865,1615,6,141004,GMT+8
ticks,1499951197392000000,i1709,4865,4870,714,4865,1650,0,141004,GMT+8
ticks,1499951197956000000,i1709,4870,4870,712,4865,1646,24,141028,GMT+8
ticks,1499951198363000000,i1709,4870,4870,716,4865,1647,14,141042,GMT+8
ticks,1499951198948000000,i1709,4870,4870,709,4865,1647,26,141068,GMT+8
ticks,1499951199435000000,i1709,4870,4870,699,4865,1650,20,141088,GMT+8
ticks,1499951199930000000,i1709,4870,4870,652,4865,1654,24,141112,GMT+8
ticks,1499951200428000000,i1709,4870,4870,650,4865,1663,4,141116,GMT+8
ticks,1499951200947000000,i1709,4870,4870,639,4865,1667,30,141146,GMT+8
ticks,1499951201437000000,i1709,4870,4875,2220,4870,218,1522,142668,GMT+8
ticks,1499951201953000000,i1709,4870,4875,1735,4870,236,1008,143676,GMT+8
ticks,1499951202440000000,i1709,4875,4875,1730,4870,446,10,143686,GMT+8
ticks,1499951202884000000,i1709,4870,4870,175,4865,1640,1004,144690,GMT+8
ticks,1499951203454000000,i1709,4870,4870,1512,4865,1539,162,144852,GMT+8
ticks,1499951203954000000,i1709,4870,4870,1541,4865,1592,4,144856,GMT+8
ticks,1499951204438000000,i1709,4870,4870,1546,4865,1565,44,144900,GMT+8
ticks,1499951204906000000,i1709,4870,4870,1543,4865,1557,12,144912,GMT+8
ticks,1499951205434000000,i1709,4870,4870,1030,4865,1558,1028,145940,GMT+8
ticks,1499951205952000000,i1709,4870,4870,1001,4865,1585,76,146016,GMT+8
ticks,1499951206431000000,i1709,4870,4870,1011,4865,1586,20,146036,GMT+8
ticks,1499951206862000000,i1709,4870,4870,1043,4865,1558,70,146106,GMT+8
ticks,1499951207444000000,i1709,4870,4870,1038,4865,2559,32,146138,GMT+8
ticks,1499951207952000000,i1709,4870,4870,1033,4865,2559,10,146148,GMT+8
ticks,1499951208455000000,i1709,4870,4870,1031,4865,2278,614,146762,GMT+8
ticks,1499951208922000000,i1709,4865,4870,1052,4865,2393,6,146768,GMT+8
ticks,1499951209387000000,i1709,4870,4870,1060,4865,2393,4,146772,GMT+8
ticks,1499951209950000000,i1709,4870,4870,1055,4865,2403,14,146786,GMT+8
ticks,1499951210435000000,i1709,4870,4870,1044,4865,2404,12,146798,GMT+8
ticks,1499951210939000000,i1709,4870,4870,1024,4865,2405,44,146842,GMT+8
ticks,1499951211441000000,i1709,4870,4870,1023,4865,2410,2,146844,GMT+8
ticks,1499951211930000000,i1709,4870,4870,1007,4865,2462,40,146884,GMT+8
ticks,1499951212410000000,i1709,4870,4870,1024,4865,2468,0,146884,GMT+8
ticks,1499951212895000000,i1709,4870,4870,1021,4865,2468,14,146898,GMT+8
ticks,1499951213450000000,i1709,4870,4870,999,4865,2472,46,146944,GMT+8
ticks,1499951213836000000,i1709,4865,4870,1006,4865,2468,18,146962,GMT+8
ticks,1499951214401000000,i1709,4870,4870,984,4865,2468,10,146972,GMT+8
ticks,1499951214955000000,i1709,4870,4870,976,4865,2457,54,147026,GMT+8
ticks,1499951215443000000,i1709,4870,4870,970,4865,2459,18,147044,GMT+8
ticks,1499951215904000000,i1709,4870,4870,963,4865,2459,16,147060,GMT+8
ticks,1499951216350000000,i1709,4870,4870,982,4865,2429,76,147136,GMT+8
ticks,1499951216934000000,i1709,4870,4870,1033,4865,2328,42,147178,GMT+8
ticks,1499951217451000000,i1709,4870,4870,1043,4865,2331,12,147190,GMT+8
ticks,1499951217850000000,i1709,4870,4870,1010,4865,2331,86,147276,GMT+8
ticks,1499951218392000000,i1709,4870,4870,959,4865,2330,106,147382,GMT+8
ticks,1499951218936000000,i1709,4870,4870,953,4865,2329,16,147398,GMT+8
ticks,1499951219355000000,i1709,4870,4870,951,4865,2354,0,147398,GMT+8
ticks,1499951219875000000,i1709,4870,4870,951,4865,2338,90,147488,GMT+8
ticks,1499951220406000000,i1709,4865,4870,954,4865,2335,10,147498,GMT+8
ticks,1499951220953000000,i1709,4870,4870,954,4865,2335,10,147508,GMT+8
ticks,1499951221453000000,i1709,4865,4870,946,4865,2330,16,147524,GMT+8
ticks,1499951221932000000,i1709,4870,4870,950,4865,2431,16,147540,GMT+8
ticks,1499951222386000000,i1709,4865,4870,956,4865,1431,4,147544,GMT+8
ticks,1499951222890000000,i1709,4870,4870,992,4865,1334,26,147570,GMT+8
ticks,1499951223449000000,i1709,4865,4870,995,4865,1317,34,147604,GMT+8
ticks,1499951223766000000,i1709,4865,4870,998,4865,1320,2,147606,GMT+8
ticks,1499951224369000000,i1709,4865,4870,990,4865,1423,20,147626,GMT+8
ticks,1499951224925000000,i1709,4870,4870,987,4865,1412,16,147642,GMT+8
ticks,1499951225451000000,i1709,4865,4870,988,4865,1412,6,147648,GMT+8
ticks,1499951225924000000,i1709,4870,4870,987,4865,1401,4,147652,GMT+8
ticks,1499951226397000000,i1709,4865,4870,990,4865,1531,2,147654,GMT+8
ticks,1499951226867000000,i1709,4870,4870,966,4865,1530,6,147660,GMT+8
ticks,1499951227414000000,i1709,4870,4870,967,4865,1498,0,147660,GMT+8
ticks,1499951227952000000,i1709,4865,4870,984,4865,1497,4,147664,GMT+8
ticks,1499951228396000000,i1709,4870,4870,983,4865,1507,2,147666,GMT+8
ticks,1499951228718000000,i1709,4865,4870,983,4865,1507,2,147668,GMT+8
ticks,1499951229378000000,i1709,4870,4870,979,4865,1507,12,147680,GMT+8
ticks,1499951229939000000,i1709,4865,4870,980,4865,1503,8,147688,GMT+8
ticks,1499951230409000000,i1709,4870,4870,979,4865,1508,2,147690,GMT+8
ticks,1499951230903000000,i1709,4870,4870,964,4865,1514,22,147712,GMT+8
ticks,1499951231354000000,i1709,4870,4870,845,4865,1532,4,147716,GMT+8
ticks,1499951231927000000,i1709,4870,4870,808,4865,1530,84,147800,GMT+8
ticks,1499951232402000000,i1709,4870,4875,814,4870,65,1616,149416,GMT+8
ticks,1499951232935000000,i1709,4870,4875,715,4870,474,2,149418,GMT+8
ticks,1499951233456000000,i1709,4870,4875,754,4870,684,14,149432,GMT+8
ticks,1499951233806000000,i1709,4870,4875,554,4870,686,2,149434,GMT+8
ticks,1499951234436000000,i1709,4870,4875,554,4870,680,18,149452,GMT+8
ticks,1499951234881000000,i1709,4870,4875,577,4870,694,6,149458,GMT+8
ticks,1499951235437000000,i1709,4870,4875,577,4870,700,0,149458,GMT+8
ticks,1499951235924000000,i1709,4875,4875,573,4870,899,12,149470,GMT+8
ticks,1499951236437000000,i1709,4870,4875,570,4870,989,22,149492,GMT+8
ticks,1499951236816000000,i1709,4875,4875,589,4870,985,24,149516,GMT+8
ticks,1499951237340000000,i1709,4870,4875,739,4870,911,150,149666,GMT+8
ticks,1499951237883000000,i1709,4870,4875,754,4870,787,12,149678,GMT+8
ticks,1499951238458000000,i1709,4870,4875,763,4870,632,100,149778,GMT+8
ticks,1499951238904000000,i1709,4870,4875,753,4870,618,8,149786,GMT+8
ticks,1499951239427000000,i1709,4875,4875,754,4870,618,2,149788,GMT+8
ticks,1499951239805000000,i1709,4870,4875,854,4870,337,164,149952,GMT+8
ticks,1499951240423000000,i1709,4870,4870,147,4865,1560,656,150608,GMT+8
ticks,1499951240943000000,i1709,4870,4870,722,4865,1458,0,150608,GMT+8
ticks,1499951241448000000,i1709,4870,4870,717,4865,1439,72,150680,GMT+8
ticks,1499951241958000000,i1709,4865,4870,724,4865,1424,32,150712,GMT+8
ticks,1499951242435000000,i1709,4870,4870,706,4865,1287,254,150966,GMT+8
ticks,1499951242871000000,i1709,4870,4870,715,4865,1307,4,150970,GMT+8
ticks,1499951243429000000,i1709,4870,4870,716,4865,1294,32,151002,GMT+8
ticks,1499951243869000000,i1709,4870,4870,742,4865,1290,16,151018,GMT+8
ticks,1499951244418000000,i1709,4870,4870,715,4865,1217,156,151174,GMT+8
ticks,1499951244942000000,i1709,4870,4870,699,4865,1214,60,151234,GMT+8
ticks,1499951245451000000,i1709,4870,4870,710,4865,1220,8,151242,GMT+8
ticks,1499951245920000000,i1709,4870,4870,709,4865,1319,2,151244,GMT+8
ticks,1499951246457000000,i1709,4870,4870,704,4865,1315,20,151264,GMT+8
ticks,1499951246923000000,i1709,4865,4870,693,4865,1315,2,151266,GMT+8
ticks,1499951247453000000,i1709,4865,4870,683,4865,1322,10,151276,GMT+8
ticks,1499951247914000000,i1709,4870,4870,681,4865,1328,4,151280,GMT+8
ticks,1499951248456000000,i1709,4870,4870,683,4865,1333,0,151280,GMT+8
ticks,1499951248892000000,i1709,4870,4870,680,4865,1334,8,151288,GMT+8
ticks,1499951249452000000,i1709,4865,4870,678,4865,1343,8,151296,GMT+8
ticks,1499951249857000000,i1709,4865,4870,671,4865,1344,22,151318,GMT+8
ticks,1499951250306000000,i1709,4865,4870,697,4865,1350,8,151326,GMT+8
ticks,1499951250937000000,i1709,4870,4870,794,4865,1352,10,151336,GMT+8
ticks,1499951251414000000,i1709,4865,4870,793,4865,1349,12,151348,GMT+8
ticks,1499951251935000000,i1709,4870,4870,782,4865,1348,24,151372,GMT+8
ticks,1499951252434000000,i1709,4870,4870,782,4865,1355,2,151374,GMT+8
ticks,1499951252884000000,i1709,4870,4870,781,4865,1356,2,151376,GMT+8
ticks,1499951253396000000,i1709,4870,4870,763,4865,1351,76,151452,GMT+8
ticks,1499951253897000000,i1709,4870,4870,758,4865,1350,20,151472,GMT+8
ticks,1499951254409000000,i1709,4865,4870,764,4865,1318,60,151532,GMT+8
ticks,1499951254880000000,i1709,4865,4870,767,4865,1316,32,151564,GMT+8
ticks,1499951255434000000,i1709,4870,4870,761,4865,1317,18,151582,GMT+8
ticks,1499951255859000000,i1709,4870,4870,818,4865,1319,0,151582,GMT+8
ticks,1499951256439000000,i1709,4870,4870,821,4865,1320,2,151584,GMT+8
ticks,1499951256943000000,i1709,4865,4870,821,4865,1290,62,151646,GMT+8
ticks,1499951257390000000,i1709,4870,4870,722,4865,1294,202,151848,GMT+8
ticks,1499951257925000000,i1709,4870,4870,599,4865,1296,94,151942,GMT+8
ticks,1499951258451000000,i1709,4870,4875,1123,4870,239,1206,153148,GMT+8
ticks,1499951258927000000,i1709,4870,4875,892,4870,543,2,153150,GMT+8
ticks,1499951259412000000,i1709,4875,4875,891,4870,544,4,153154,GMT+8
ticks,1499951259946000000,i1709,4875,4875,886,4870,539,22,153176,GMT+8
ticks,1499951260957000000,i1709,4870,4875,966,4870,820,4,153180,GMT+8
ticks,1499951261433000000,i1709,4870,4875,966,4870,855,4,153184,GMT+8
ticks,1499951261952000000,i1709,4875,4875,966,4870,854,4,153188,GMT+8
ticks,1499951262444000000,i1709,4875,4875,866,4870,864,80,153268,GMT+8
ticks,1499951262938000000,i1709,4870,4875,869,4870,861,2,153270,GMT+8
ticks,1499951263428000000,i1709,4870,4875,895,4870,843,40,153310,GMT+8
ticks,1499951263853000000,i1709,4870,4875,921,4870,334,1018,154328,GMT+8
ticks,1499951264436000000,i1709,4875,4875,934,4870,340,2,154330,GMT+8
ticks,1499951264907000000,i1709,4875,4875,833,4870,436,2,154332,GMT+8
ticks,1499951265438000000,i1709,4875,4875,734,4870,715,0,154332,GMT+8
ticks,1499951265953000000,i1709,4870,4875,1022,4870,246,1002,155334,GMT+8
ticks,1499951266301000000,i1709,4870,4875,1024,4870,356,4,155338,GMT+8
ticks,1499951266950000000,i1709,4870,4875,1014,4870,381,30,155368,GMT+8
ticks,1499951267411000000,i1709,4875,4875,791,4870,415,42,155410,GMT+8
ticks,1499951267944000000,i1709,4875,4875,787,4870,556,392,155802,GMT+8
ticks,1499951268356000000,i1709,4875,4875,988,4870,566,2,155804,GMT+8
ticks,1499951268957000000,i1709,4875,4875,982,4870,601,14,155818,GMT+8
ticks,1499951269436000000,i1709,4875,4875,977,4870,604,10,155828,GMT+8
ticks,1499951269887000000,i1709,4870,4875,1076,4870,526,158,155986,GMT+8
ticks,1499951270427000000,i1709,4875,4875,1085,4870,527,10,155996,GMT+8
ticks,1499951270940000000,i1709,4875,4875,1086,4870,525,14,156010,GMT+8
ticks,1499951271420000000,i1709,4875,4875,1087,4870,528,2,156012,GMT+8
ticks,1499951271945000000,i1709,4875,4875,1087,4870,539,2,156014,GMT+8
ticks,1499951272417000000,i1709,4875,4875,1085,4870,547,4,156018,GMT+8
ticks,1499951272920000000,i1709,4875,4875,1103,4870,585,4,156022,GMT+8
ticks,1499951273430000000,i1709,4875,4875,1109,4870,585,0,156022,GMT+8
ticks,1499951273937000000,i1709,4875,4875,1007,4870,882,10,156032,GMT+8
ticks,1499951274454000000,i1709,4875,4875,973,4870,904,82,156114,GMT+8
ticks,1499951274958000000,i1709,4875,4875,903,4870,903,160,156274,GMT+8
ticks,1499951275420000000,i1709,4875,4875,902,4870,875,84,156358,GMT+8
ticks,1499951275954000000,i1709,4875,4875,897,4870,899,12,156370,GMT+8
ticks,1499951276442000000,i1709,4875,4875,791,4870,902,212,156582,GMT+8
ticks,1499951276948000000,i1709,4875,4875,787,4870,935,10,156592,GMT+8
ticks,1499951277439000000,i1709,4870,4875,787,4870,965,4,156596,GMT+8
ticks,1499951277937000000,i1709,4870,4875,780,4870,927,102,156698,GMT+8
ticks,1499951278441000000,i1709,4870,4875,781,4870,968,4,156702,GMT+8
ticks,1499951278949000000,i1709,4870,4875,781,4870,966,6,156708,GMT+8
ticks,1499951279351000000,i1709,4870,4875,801,4870,967,0,156708,GMT+8
ticks,1499951279951000000,i1709,4875,4875,799,4870,969,4,156712,GMT+8
ticks,1499951280425000000,i1709,4875,4875,845,4870,975,10,156722,GMT+8
ticks,1499951280884000000,i1709,4870,4875,846,4870,980,2,156724,GMT+8
ticks,1499951281444000000,i1709,4875,4875,846,4870,946,84,156808,GMT+8
ticks,1499951281918000000,i1709,4875,4875,846,4870,924,12,156820,GMT+8
ticks,1499951282431000000,i1709,4875,4875,855,4870,952,22,156842,GMT+8
ticks,1499951282944000000,i1709,4870,4875,847,4870,950,20,156862,GMT+8
ticks,1499951283439000000,i1709,4875,4875,843,4870,960,10,156872,GMT+8
ticks,1499951283860000000,i1709,4870,4875,843,4870,959,4,156876,GMT+8
ticks,1499951284314000000,i1709,4870,4875,843,4870,969,0,156876,GMT+8
ticks,1499951284846000000,i1709,4870,4875,846,4870,970,0,156876,GMT+8
ticks,1499951285454000000,i1709,4870,4875,847,4870,971,0,156876,GMT+8
ticks,1499951285786000000,i1709,4870,4875,847,4870,930,86,156962,GMT+8
ticks,1499951286454000000,i1709,4875,4875,851,4870,928,14,156976,GMT+8
ticks,1499951286896000000,i1709,4870,4875,850,4870,925,6,156982,GMT+8
ticks,1499951287451000000,i1709,4875,4875,848,4870,928,4,156986,GMT+8
ticks,1499951287929000000,i1709,4875,4875,851,4870,932,2,156988,GMT+8
ticks,1499951288455000000,i1709,4875,4875,852,4870,944,2,156990,GMT+8
ticks,1499951288844000000,i1709,4870,4875,851,4870,932,4,156994,GMT+8
ticks,1499951289375000000,i1709,4870,4875,953,4870,932,4,156998,GMT+8
ticks,1499951289919000000,i1709,4875,4875,945,4870,933,20,157018,GMT+8
ticks,1499951290446000000,i1709,4870,4875,954,4870,935,10,157028,GMT+8
ticks,1499951290916000000,i1709,4875,4875,955,4870,945,2,157030,GMT+8
ticks,1499951291423000000,i1709,4875,4875,952,4870,896,110,157140,GMT+8
ticks,1499951291951000000,i1709,4875,4875,947,4870,847,12,157152,GMT+8
ticks,1499951292403000000,i1709,4875,4875,1096,4870,847,2,157154,GMT+8
ticks,1499951292931000000,i1709,4875,4875,1095,4870,826,4,157158,GMT+8
ticks,1499951293459000000,i1709,4875,4875,1095,4870,806,0,157158,GMT+8
ticks,1499951293818000000,i1709,4870,4875,1115,4870,91,1238,158396,GMT+8
ticks,1499951294418000000,i1709,4870,4870,486,4865,1671,190,158586,GMT+8
ticks,1499951294940000000,i1709,4870,4870,765,4865,1486,14,158600,GMT+8
ticks,1499951295424000000,i1709,4870,4870,914,4865,1487,2,158602,GMT+8
ticks,1499951295950000000,i1709,4870,4870,945,4865,1487,4,158606,GMT+8
ticks,1499951296430000000,i1709,4870,4870,955,4865,1488,0,158606,GMT+8
ticks,1499951296934000000,i1709,4870,4870,955,4865,1487,10,158616,GMT+8
ticks,1499951297453000000,i1709,4870,4870,944,4865,1508,22,158638,GMT+8
ticks,1499951297929000000,i1709,4870,4870,943,4865,1506,10,158648,GMT+8
ticks,1499951298430000000,i1709,4870,4870,952,4865,1518,42,158690,GMT+8
ticks,1499951298938000000,i1709,4870,4870,1452,4865,1557,4,158694,GMT+8
ticks,1499951299292000000,i1709,4870,4870,1433,4865,1560,44,158738,GMT+8
ticks,1499951299931000000,i1709,4865,4870,1434,4865,1608,2,158740,GMT+8
ticks,1499951300420000000,i1709,4870,4870,1353,4865,1615,160,158900,GMT+8
ticks,1499951300950000000,i1709,4870,4870,1332,4865,1616,44,158944,GMT+8
ticks,1499951301406000000,i1709,4870,4870,924,4865,1622,1016,159960,GMT+8
ticks,1499951301929000000,i1709,4870,4870,950,4865,1591,64,160024,GMT+8
ticks,1499951302441000000,i1709,4865,4870,986,4865,1479,238,160262,GMT+8
ticks,1499951302943000000,i1709,4870,4870,977,4865,1479,18,160280,GMT+8
ticks,1499951303453000000,i1709,4865,4870,927,4865,1467,144,160424,GMT+8
ticks,1499951303800000000,i1709,4870,4870,917,4865,1466,24,160448,GMT+8
ticks,1499951304383000000,i1709,4870,4870,413,4865,1466,1006,161454,GMT+8
ticks,1499951304957000000,i1709,4865,4870,386,4865,1562,28,161482,GMT+8
ticks,1499951305446000000,i1709,4865,4870,405,4865,1561,8,161490,GMT+8
ticks,1499951305867000000,i1709,4865,4870,467,4865,1626,20,161510,GMT+8
ticks,1499951306417000000,i1709,4865,4870,535,4865,1593,50,161560,GMT+8
ticks,1499951306896000000,i1709,4870,4870,543,4865,1434,10,161570,GMT+8
ticks,1499951307426000000,i1709,4865,4870,605,4865,1430,20,161590,GMT+8
ticks,1499951307958000000,i1709,4865,4870,648,4865,1428,10,161600,GMT+8
ticks,1499951308446000000,i1709,4870,4870,656,4865,1431,8,161608,GMT+8
ticks,1499951308885000000,i1709,4870,4870,652,4865,1423,28,161636,GMT+8
ticks,1499951309448000000,i1709,4865,4870,653,4865,1421,20,161656,GMT+8
ticks,1499951309957000000,i1709,4870,4870,656,4865,1421,10,161666,GMT+8
ticks,1499951310404000000,i1709,4870,4870,658,4865,1422,0,161666,GMT+8
ticks,1499951310941000000,i1709,4870,4870,775,4865,1424,4,161670,GMT+8
ticks,1499951311432000000,i1709,4870,4870,870,4865,1421,0,161670,GMT+8
ticks,1499951311849000000,i1709,4865,4870,853,4865,1316,252,161922,GMT+8
ticks,1499951312415000000,i1709,4870,4870,875,4865,1295,4,161926,GMT+8
ticks,1499951312925000000,i1709,4865,4870,929,4865,1231,30,161956,GMT+8
ticks,1499951313427000000,i1709,4865,4870,924,4865,1221,42,161998,GMT+8
ticks,1499951313851000000,i1709,4865,4865,970,4860,3081,2510,164508,GMT+8
ticks,1499951314447000000,i1709,4860,4865,1074,4860,2857,194,164702,GMT+8
ticks,1499951314934000000,i1709,4860,4865,1073,4860,2856,18,164720,GMT+8
ticks,1499951315417000000,i1709,4865,4865,1072,4860,2859,28,164748,GMT+8
ticks,1499951315713000000,i1709,4860,4865,1075,4860,2857,4,164752,GMT+8
ticks,1499951316452000000,i1709,4860,4865,1072,4860,2904,12,164764,GMT+8
ticks,1499951316946000000,i1709,4865,4865,1046,4860,2899,22,164786,GMT+8
ticks,1499951317457000000,i1709,4865,4870,873,4865,678,2048,166834,GMT+8
ticks,1499951317855000000,i1709,4865,4870,872,4865,754,16,166850,GMT+8
ticks,1499951318412000000,i1709,4865,4865,209,4860,3103,1560,168410,GMT+8
ticks,1499951318942000000,i1709,4860,4865,199,4860,2972,64,168474,GMT+8
ticks,1499951319426000000,i1709,4860,4865,397,4860,2944,60,168534,GMT+8
ticks,1499951319903000000,i1709,4860,4865,455,4860,2936,12,168546,GMT+8
ticks,1499951320455000000,i1709,4865,4865,96,4860,2910,710,169256,GMT+8
ticks,1499951320955000000,i1709,4860,4865,55,4860,3010,360,169616,GMT+8
ticks,1499951321426000000,i1709,4865,4865,259,4860,2944,44,169660,GMT+8
ticks,1499951321942000000,i1709,4865,4865,279,4860,2902,14,169674,GMT+8
ticks,1499951322458000000,i1709,4865,4865,278,4860,2961,6,169680,GMT+8
ticks,1499951322886000000,i1709,4870,4870,1202,4865,201,602,170282,GMT+8
ticks,1499951323445000000,i1709,4865,4870,1202,4865,448,8,170290,GMT+8
ticks,1499951323931000000,i1709,4870,4870,1016,4865,1380,102,170392,GMT+8
ticks,1499951324442000000,i1709,4865,4870,1016,4865,1972,8,170400,GMT+8
ticks,1499951324946000000,i1709,4865,4870,1019,4865,2120,6,170406,GMT+8
ticks,1499951325448000000,i1709,4865,4870,1019,4865,2108,8,170414,GMT+8
ticks,1499951325954000000,i1709,4865,4870,999,4865,2062,108,170522,GMT+8
ticks,1499951326442000000,i1709,4865,4870,988,4865,1962,200,170722,GMT+8
ticks,1499951326901000000,i1709,4865,4870,968,4865,1811,102,170824,GMT+8
ticks,1499951327435000000,i1709,4865,4870,968,4865,1812,0,170824,GMT+8
ticks,1499951327930000000,i1709,4870,4870,967,4865,1810,14,170838,GMT+8
ticks,1499951328405000000,i1709,4870,4870,982,4865,1810,12,170850,GMT+8
ticks,1499951328902000000,i1709,4865,4870,982,4865,1815,2,170852,GMT+8
ticks,1499951329427000000,i1709,4870,4870,1010,4865,2004,30,170882,GMT+8
ticks,1499951329952000000,i1709,4865,4870,1003,4865,1999,14,170896,GMT+8
ticks,1499951330454000000,i1709,4870,4870,1012,4865,1995,10,170906,GMT+8
ticks,1499951330946000000,i1709,4865,4870,1014,4865,2102,10,170916,GMT+8
ticks,1499951331376000000,i1709,4865,4870,1021,4865,2102,4,170920,GMT+8
ticks,1499951331947000000,i1709,4865,4870,1028,4865,2100,10,170930,GMT+8
ticks,1499951332414000000,i1709,4865,4870,1028,4865,2099,2,170932,GMT+8
ticks,1499951332889000000,i1709,4865,4870,1029,4865,2094,10,170942,GMT+8
ticks,1499951333326000000,i1709,4865,4870,947,4865,2142,4,170946,GMT+8
ticks,1499951333951000000,i1709,4865,4870,947,4865,2120,44,170990,GMT+8
ticks,1499951334432000000,i1709,4865,4870,947,4865,2021,0,170990,GMT+8
ticks,1499951334957000000,i1709,4870,4870,769,4865,1920,406,171396,GMT+8
ticks,1499951335131000000,i1709,4870,4870,769,4865,1921,0,171396,GMT+8
ticks,1499951335947000000,i1709,4865,4870,770,4865,1913,2,171398,GMT+8
ticks,1499951336442000000,i1709,4865,4870,779,4865,1903,28,171426,GMT+8
ticks,1499951336941000000,i1709,4870,4870,783,4865,2121,10,171436,GMT+8
ticks,1499951337448000000,i1709,4870,4870,788,4865,2124,2,171438,GMT+8
ticks,1499951337956000000,i1709,4870,4870,786,4865,2125,0,171438,GMT+8
ticks,1499951338340000000,i1709,4865,4870,906,4865,2163,26,171464,GMT+8
ticks,1499951338889000000,i1709,4870,4870,897,4865,2157,32,171496,GMT+8
ticks,1499951339440000000,i1709,4870,4870,898,4865,2158,0,171496,GMT+8
ticks,1499951339867000000,i1709,4865,4870,898,4865,2158,8,171504,GMT+8
ticks,1499951340421000000,i1709,4865,4870,899,4865,2183,0,171504,GMT+8
ticks,1499951340949000000,i1709,4865,4870,907,4865,2184,2,171506,GMT+8
ticks,1499951341293000000,i1709,4865,4870,911,4865,2178,14,171520,GMT+8
ticks,1499951341880000000,i1709,4865,4870,917,4865,2208,2,171522,GMT+8
ticks,1499951342323000000,i1709,4865,4870,917,4865,2201,22,171544,GMT+8
ticks,1499951342957000000,i1709,4865,4870,917,4865,2198,8,171552,GMT+8
ticks,1499951343456000000,i1709,4870,4870,927,4865,2199,4,171556,GMT+8
ticks,1499951343921000000,i1709,4865,4870,927,4865,2200,16,171572,GMT+8
ticks,1499951344445000000,i1709,4870,4870,927,4865,2196,14,171586,GMT+8
ticks,1499951344929000000,i1709,4865,4870,931,4865,2205,8,171594,GMT+8
ticks,1499951345428000000,i1709,4865,4870,930,4865,2201,14,171608,GMT+8
ticks,1499951345865000000,i1709,4865,4870,931,4865,2211,2,171610,GMT+8
ticks,1499951346420000000,i1709,4865,4870,937,4865,2221,0,171610,GMT+8
ticks,1499951346941000000,i1709,4870,4870,936,4865,2227,2,171612,GMT+8
ticks,1499951347454000000,i1709,4870,4870,919,4865,2227,0,171612,GMT+8
ticks,1499951347825000000,i1709,4870,4875,1529,4870,373,1948,173560,GMT+8
ticks,1499951348447000000,i1709,4870,4875,1509,4870,624,208,173768,GMT+8
ticks,1499951348855000000,i1709,4870,4875,1509,4870,835,6,173774,GMT+8
ticks,1499951349383000000,i1709,4870,4875,1508,4870,832,22,173796,GMT+8
ticks,1499951349804000000,i1709,4870,4875,1508,4870,262,1172,174968,GMT+8
ticks,1499951350362000000,i1709,4870,4875,1508,4870,202,120,175088,GMT+8
ticks,1499951350922000000,i1709,4870,4875,1508,4870,218,8,175096,GMT+8
ticks,1499951351411000000,i1709,4870,4875,1508,4870,236,26,175122,GMT+8
ticks,1499951351942000000,i1709,4870,4875,1518,4870,230,14,175136,GMT+8
ticks,1499951352423000000,i1709,4870,4875,1518,4870,224,12,175148,GMT+8
ticks,1499951352949000000,i1709,4870,4875,1519,4870,234,4,175152,GMT+8
ticks,1499951353369000000,i1709,4870,4875,1520,4870,291,18,175170,GMT+8
ticks,1499951353944000000,i1709,4870,4875,1998,4870,98,386,175556,GMT+8
ticks,1499951354459000000,i1709,4870,4870,14,4865,2376,474,176030,GMT+8
ticks,1499951354916000000,i1709,4870,4875,1998,4870,244,68,176098,GMT+8
ticks,1499951355397000000,i1709,4870,4875,2018,4870,267,14,176112,GMT+8
ticks,1499951355956000000,i1709,4875,4875,2017,4870,1,346,176458,GMT+8
ticks,1499951356451000000,i1709,4865,4870,29,4865,2459,172,176630,GMT+8
ticks,1499951356917000000,i1709,4870,4870,32,4865,2360,12,176642,GMT+8
ticks,1499951357446000000,i1709,4870,4870,100,4865,2261,6,176648,GMT+8
ticks,1499951357902000000,i1709,4870,4875,2019,4870,805,504,177152,GMT+8
ticks,1499951358438000000,i1709,4875,4875,2101,4870,831,2,177154,GMT+8
ticks,1499951358800000000,i1709,4875,4875,2100,4870,980,4,177158,GMT+8
ticks,1499951359451000000,i1709,4875,4875,2104,4870,983,2,177160,GMT+8
ticks,1499951359905000000,i1709,4875,4875,2102,4870,1004,6,177166,GMT+8
ticks,1499951360409000000,i1709,4870,4875,2107,4870,1016,2,177168,GMT+8
ticks,1499951360948000000,i1709,4875,4875,2101,4870,1014,10,177178,GMT+8
ticks,1499951361446000000,i1709,4870,4875,2111,4870,1012,10,177188,GMT+8
ticks,1499951361939000000,i1709,4875,4875,2107,4870,1017,14,177202,GMT+8
ticks,1499951362359000000,i1709,4870,4875,2106,4870,1016,4,177206,GMT+8
ticks,1499951362938000000,i1709,4875,4875,2105,4870,1044,6,177212,GMT+8
ticks,1499951363457000000,i1709,4870,4875,2120,4870,1044,2,177214,GMT+8
ticks,1499951363944000000,i1709,4875,4875,2125,4870,1043,12,177226,GMT+8
ticks,1499951364426000000,i1709,4870,4875,2124,4870,1044,4,177230,GMT+8
ticks,1499951364906000000,i1709,4870,4875,2123,4870,1047,6,177236,GMT+8
ticks,1499951365354000000,i1709,4870,4875,2121,4870,1030,34,177270,GMT+8
ticks,1499951365952000000,i1709,4875,4875,2126,4870,1029,12,177282,GMT+8
ticks,1499951366439000000,i1709,4875,4875,2132,4870,1033,4,177286,GMT+8
ticks,1499951366883000000,i1709,4870,4875,2132,4870,1131,4,177290,GMT+8
ticks,1499951367455000000,i1709,4870,4875,2230,4870,1141,28,177318,GMT+8
ticks,1499951367942000000,i1709,4870,4875,2227,4870,1149,6,177324,GMT+8
ticks,1499951368436000000,i1709,4870,4875,2226,4870,1210,4,177328,GMT+8
ticks,1499951368955000000,i1709,4875,4875,2220,4870,1215,12,177340,GMT+8
ticks,1499951369438000000,i1709,4870,4875,2220,4870,1212,6,177346,GMT+8
ticks,1499951369902000000,i1709,4875,4875,2218,4870,1229,10,177356,GMT+8
ticks,1499951370311000000,i1709,4870,4875,2228,4870,1233,4,177360,GMT+8
ticks,1499951370865000000,i1709,4870,4875,2230,4870,1228,10,177370,GMT+8
ticks,1499951371458000000,i1709,4870,4875,2228,4870,1229,0,177370,GMT+8
ticks,1499951371957000000,i1709,4870,4875,2228,4870,1226,6,177376,GMT+8
ticks,1499951372383000000,i1709,4870,4875,2222,4870,1221,26,177402,GMT+8
ticks,1499951372874000000,i1709,4870,4875,2254,4870,1221,2,177404,GMT+8
ticks,1499951373409000000,i1709,4875,4875,2254,4870,1220,6,177410,GMT+8
ticks,1499951373922000000,i1709,4875,4875,2252,4870,1203,10,177420,GMT+8
ticks,1499951374448000000,i1709,4870,4875,2251,4870,1203,4,177424,GMT+8
ticks,1499951374767000000,i1709,4870,4875,2251,4870,1201,4,177428,GMT+8
ticks,1499951375425000000,i1709,4875,4875,2249,4870,1204,4,177432,GMT+8
ticks,1499951375834000000,i1709,4870,4875,2249,4870,1201,8,177440,GMT+8
ticks,1499951376416000000,i1709,4870,4875,2244,4870,1205,14,177454,GMT+8
ticks,1499951376890000000,i1709,4875,4875,2244,4870,1221,4,177458,GMT+8
ticks,1499951377438000000,i1709,4870,4875,2239,4870,1221,18,177476,GMT+8
ticks,1499951377950000000,i1709,4875,4875,2239,4870,1220,6,177482,GMT+8
ticks,1499951378335000000,i1709,4875,4875,2241,4870,1224,0,177482,GMT+8
ticks,1499951378923000000,i1709,4870,4875,2242,4870,1212,24,177506,GMT+8
ticks,1499951379399000000,i1709,4875,4875,2240,4870,1214,4,177510,GMT+8
ticks,1499951379936000000,i1709,4875,4875,2238,4870,1215,2,177512,GMT+8
ticks,1499951380370000000,i1709,4875,4875,2239,4870,1216,6,177518,GMT+8
ticks,1499951380958000000,i1709,4870,4875,2237,4870,1207,22,177540,GMT+8
ticks,1499951381442000000,i1709,4870,4875,2237,4870,1266,2,177542,GMT+8
ticks,1499951381954000000,i1709,4870,4875,2252,4870,1262,10,177552,GMT+8
ticks,1499951382437000000,i1709,4870,4875,2252,4870,1267,2,177554,GMT+8
ticks,1499951382943000000,i1709,4870,4875,2253,4870,1258,34,177588,GMT+8
ticks,1499951383449000000,i1709,4875,4875,2151,4870,1233,256,177844,GMT+8
ticks,1499951383946000000,i1709,4870,4875,2153,4870,1226,14,177858,GMT+8
ticks,1499951384411000000,i1709,4870,4875,2151,4870,1185,116,177974,GMT+8
ticks,1499951384958000000,i1709,4870,4875,2161,4870,1193,4,177978,GMT+8
ticks,1499951385446000000,i1709,4870,4875,2163,4870,1173,40,178018,GMT+8
ticks,1499951385942000000,i1709,4870,4875,2161,4870,1145,0,178018,GMT+8
ticks,1499951386415000000,i1709,4875,4875,2150,4870,1161,22,178040,GMT+8
ticks,1499951386928000000,i1709,4875,4875,2143,4870,1159,18,178058,GMT+8
ticks,1499951387373000000,i1709,4875,4875,2137,4870,1167,16,178074,GMT+8
ticks,1499951387905000000,i1709,4870,4875,2137,4870,1165,6,178080,GMT+8
ticks,1499951388435000000,i1709,4875,4875,2136,4870,1159,12,178092,GMT+8
ticks,1499951388934000000,i1709,4875,4875,1936,4870,1130,410,178502,GMT+8
ticks,1499951389438000000,i1709,4870,4875,1958,4870,1116,36,178538,GMT+8
ticks,1499951389935000000,i1709,4875,4875,2045,4870,1113,16,178554,GMT+8
ticks,1499951390457000000,i1709,4875,4875,2149,4870,1117,12,178566,GMT+8
ticks,1499951390946000000,i1709,4870,4875,2149,4870,1113,2,178568,GMT+8
ticks,1499951391438000000,i1709,4870,4875,2148,4870,1118,0,178568,GMT+8
ticks,1499951391895000000,i1709,4870,4875,2151,4870,1117,2,178570,GMT+8
ticks,1499951392421000000,i1709,4870,4875,2171,4870,1115,6,178576,GMT+8
ticks,1499951392940000000,i1709,4870,4875,2162,4870,1119,2,178578,GMT+8
ticks,1499951393424000000,i1709,4875,4875,2158,4870,1118,12,178590,GMT+8
ticks,1499951393850000000,i1709,4875,4875,2136,4870,1118,48,178638,GMT+8
ticks,1499951394451000000,i1709,4875,4875,2135,4870,1122,2,178640,GMT+8
ticks,1499951394750000000,i1709,4870,4875,2135,4870,1121,2,178642,GMT+8
ticks,1499951395404000000,i1709,4875,4875,2126,4870,1122,20,178662,GMT+8
ticks,1499951395933000000,i1709,4870,4875,2130,4870,1118,10,178672,GMT+8
ticks,1499951396453000000,i1709,4870,4875,2131,4870,1135,10,178682,GMT+8
ticks,1499951396959000000,i1709,4875,4875,2103,4870,1135,42,178724,GMT+8
ticks,1499951397415000000,i1709,4875,4875,2096,4870,1135,14,178738,GMT+8
ticks,1499951397867000000,i1709,4875,4875,2107,4870,1132,18,178756,GMT+8
ticks,1499951398422000000,i1709,4870,4875,2107,4870,1131,2,178758,GMT+8
ticks,1499951398942000000,i1709,4870,4875,2103,4870,1126,20,178778,GMT+8
ticks,1499951399435000000,i1709,4870,4875,2113,4870,1134,0,178778,GMT+8
ticks,1499951399920000000,i1709,4875,4875,1412,4870,1134,2,178780,GMT+8
ticks,1499951400460000000,i1709,4870,4875,1412,4870,1130,16,178796,GMT+8
ticks,1499951400944000000,i1709,4875,4875,1408,4870,1118,62,178858,GMT+8
ticks,1499951401778000000,i1709,4870,4875,1407,4870,1117,4,178862,GMT+8
ticks,1499951402448000000,i1709,4875,4875,1417,4870,1115,8,178870,GMT+8
ticks,1499951402930000000,i1709,4870,4875,1421,4870,1115,2,178872,GMT+8
ticks,1499951403431000000,i1709,4875,4875,1421,4870,1115,2,178874,GMT+8
ticks,1499951403897000000,i1709,4875,4875,1808,4870,1013,32,178906,GMT+8
ticks,1499951404455000000,i1709,4875,4875,1807,4870,1013,2,178908,GMT+8
ticks,1499951404933000000,i1709,4870,4875,1812,4870,1031,8,178916,GMT+8
ticks,1499951405931000000,i1709,4870,4875,1809,4870,1035,8,178924,GMT+8
ticks,1499951406365000000,i1709,4875,4875,1807,4870,1044,10,178934,GMT+8
ticks,1499951406958000000,i1709,4875,4875,1804,4870,1065,16,178950,GMT+8
ticks,1499951407355000000,i1709,4870,4875,1787,4870,1063,4,178954,GMT+8
ticks,1499951407938000000,i1709,4875,4875,1744,4870,1057,100,179054,GMT+8
ticks,1499951408421000000,i1709,4875,4875,1744,4870,1058,0,179054,GMT+8
ticks,1499951408736000000,i1709,4875,4875,1739,4870,1063,14,179068,GMT+8
ticks,1499951409387000000,i1709,4870,4875,1739,4870,1054,20,179088,GMT+8
ticks,1499951409952000000,i1709,4870,4875,2142,4870,1047,26,179114,GMT+8
ticks,1499951410269000000,i1709,4875,4875,2135,4870,1049,14,179128,GMT+8
ticks,1499951410953000000,i1709,4875,4875,2131,4870,1050,14,179142,GMT+8
ticks,1499951411454000000,i1709,4875,4875,2112,4870,1050,40,179182,GMT+8
ticks,1499951411951000000,i1709,4875,4875,2111,4870,1050,4,179186,GMT+8
ticks,1499951412435000000,i1709,4870,4875,2110,4870,1046,10,179196,GMT+8
ticks,1499951412855000000,i1709,4875,4875,2108,4870,1039,10,179206,GMT+8
ticks,1499951413459000000,i1709,4875,4875,2143,4870,1039,74,179280,GMT+8
ticks,1499951413880000000,i1709,4870,4875,2143,4870,957,160,179440,GMT+8
ticks,1499951414382000000,i1709,4875,4875,2144,4870,958,2,179442,GMT+8
ticks,1499951414870000000,i1709,4875,4875,2142,4870,1002,6,179448,GMT+8
ticks,1499951415455000000,i1709,4870,4875,2544,4870,998,12,179460,GMT+8
ticks,1499951415886000000,i1709,4875,4875,2542,4870,992,16,179476,GMT+8
ticks,1499951416458000000,i1709,4870,4875,2538,4870,1024,18,179494,GMT+8
ticks,1499951416908000000,i1709,4875,4875,2527,4870,1024,22,179516,GMT+8
ticks,1499951417442000000,i1709,4870,4875,2528,4870,1026,2,179518,GMT+8
ticks,1499951417955000000,i1709,4870,4875,2529,4870,1022,6,179524,GMT+8
ticks,1499951418373000000,i1709,4870,4875,2530,4870,1021,4,179528,GMT+8
ticks,1499951418800000000,i1709,4870,4875,2529,4870,1028,6,179534,GMT+8
ticks,1499951419387000000,i1709,4870,4875,2529,4870,1022,4,179538,GMT+8
ticks,1499951419829000000,i1709,4875,4875,2528,4870,1020,4,179542,GMT+8
ticks,1499951420395000000,i1709,4875,4875,2533,4870,1020,0,179542,GMT+8
ticks,1499951420949000000,i1709,4870,4875,2517,4870,1018,40,179582,GMT+8
ticks,1499951421445000000,i1709,4870,4875,2517,4870,1019,0,179582,GMT+8
ticks,1499951421956000000,i1709,4870,4875,2517,4870,1041,0,179582,GMT+8
ticks,1499951422391000000,i1709,4870,4875,2518,4870,1037,2,179584,GMT+8
ticks,1499951422923000000,i1709,4870,4875,2548,4870,1025,28,179612,GMT+8
ticks,1499951423409000000,i1709,4870,4875,2549,4870,1035,0,179612,GMT+8
ticks,1499951423923000000,i1709,4875,4875,2548,4870,1033,4,179616,GMT+8
ticks,1499951424373000000,i1709,4875,4875,2528,4870,1034,42,179658,GMT+8
ticks,1499951424931000000,i1709,4870,4875,2528,4870,1129,12,179670,GMT+8
ticks,1499951425371000000,i1709,4870,4875,2530,4870,1129,2,179672,GMT+8
ticks,1499951425940000000,i1709,4870,4875,2547,4870,1131,4,179676,GMT+8
ticks,1499951426425000000,i1709,4870,4875,2548,4870,1132,0,179676,GMT+8
ticks,1499951426950000000,i1709,4870,4875,2548,4870,1134,2,179678,GMT+8
ticks,1499951427415000000,i1709,4870,4875,2548,4870,984,0,179678,GMT+8
ticks,1499951427875000000,i1709,4870,4875,2549,4870,1015,2,179680,GMT+8
ticks,1499951428320000000,i1709,4870,4875,2548,4870,1012,6,179686,GMT+8
ticks,1499951428958000000,i1709,4875,4875,2553,4870,1011,8,179694,GMT+8
ticks,1499951429431000000,i1709,4870,4875,2560,4870,986,52,179746,GMT+8
ticks,1499951429925000000,i1709,4870,4875,2560,4870,978,4,179750,GMT+8
ticks,1499951430387000000,i1709,4870,4875,2563,4870,983,2,179752,GMT+8
ticks,1499951430852000000,i1709,4875,4875,2561,4870,982,6,179758,GMT+8
ticks,1499951431411000000,i1709,4870,4875,2561,4870,966,24,179782,GMT+8
ticks,1499951431803000000,i1709,4870,4875,2511,4870,1113,106,179888,GMT+8
ticks,1499951432432000000,i1709,4870,4875,2521,4870,1152,4,179892,GMT+8
ticks,1499951432903000000,i1709,4875,4875,2521,4870,1152,4,179896,GMT+8
ticks,1499951433454000000,i1709,4875,4875,2470,4870,1161,106,180002,GMT+8
ticks,1499951433839000000,i1709,4875,4875,2469,4870,1154,8,180010,GMT+8
ticks,1499951434340000000,i1709,4870,4875,2472,4870,1150,8,180018,GMT+8
ticks,1499951434906000000,i1709,4870,4875,2472,4870,1149,2,180020,GMT+8
ticks,1499951435929000000,i1709,4870,4875,2472,4870,1148,0,180020,GMT+8
ticks,1499951436396000000,i1709,4870,4875,2471,4870,1059,182,180202,GMT+8
ticks,1499951436925000000,i1709,4870,4875,2472,4870,1046,26,180228,GMT+8
ticks,1499951437388000000,i1709,4870,4875,2482,4870,1049,0,180228,GMT+8
ticks,1499951437915000000,i1709,4870,4875,2483,4870,1043,10,180238,GMT+8
ticks,1499951438931000000,i1709,4870,4875,2452,4870,1040,8,180246,GMT+8
ticks,1499951439458000000,i1709,4870,4875,2452,4870,777,4,180250,GMT+8
ticks,1499951439947000000,i1709,4870,4875,2456,4870,358,718,180968,GMT+8
ticks,1499951440416000000,i1709,4870,4870,162,4865,2384,742,181710,GMT+8
ticks,1499951440891000000,i1709,4870,4870,183,4865,1867,24,181734,GMT+8
ticks,1499951441409000000,i1709,4870,4870,344,4865,1868,6,181740,GMT+8
ticks,1499951441860000000,i1709,4870,4870,366,4865,1709,6,181746,GMT+8
ticks,1499951442445000000,i1709,4865,4870,381,4865,1707,4,181750,GMT+8
ticks,1499951442954000000,i1709,4870,4870,382,4865,1708,4,181754,GMT+8
ticks,1499951443409000000,i1709,4870,4870,388,4865,1713,8,181762,GMT+8
ticks,1499951443941000000,i1709,4865,4870,416,4865,1708,30,181792,GMT+8
ticks,1499951444360000000,i1709,4870,4870,587,4865,1605,20,181812,GMT+8
ticks,1499951444865000000,i1709,4865,4870,596,4865,1604,2,181814,GMT+8
ticks,1499951445418000000,i1709,4865,4870,600,4865,1599,10,181824,GMT+8
ticks,1499951445812000000,i1709,4865,4870,600,4865,1597,4,181828,GMT+8
ticks,1499951446916000000,i1709,4865,4870,602,4865,1597,0,181828,GMT+8
ticks,1499951447440000000,i1709,4865,4870,603,4865,1571,46,181874,GMT+8
ticks,1499951447941000000,i1709,4870,4870,277,4865,1657,590,182464,GMT+8
ticks,1499951448450000000,i1709,4870,4875,2524,4870,234,594,183058,GMT+8
ticks,1499951448945000000,i1709,4870,4875,2480,4870,421,110,183168,GMT+8
ticks,1499951449450000000,i1709,4870,4875,2479,4870,606,184,183352,GMT+8
ticks,1499951449919000000,i1709,4870,4870,570,4865,1652,1282,184634,GMT+8
ticks,1499951450428000000,i1709,4870,4870,597,4865,1412,2,184636,GMT+8
ticks,1499951450957000000,i1709,4870,4870,600,4865,1314,2,184638,GMT+8
ticks,1499951451426000000,i1709,4865,4870,601,4865,1309,82,184720,GMT+8
ticks,1499951451950000000,i1709,4865,4870,514,4865,1307,210,184930,GMT+8
ticks,1499951452457000000,i1709,4870,4870,362,4865,1286,6,184936,GMT+8
ticks,1499951452905000000,i1709,4865,4870,368,4865,1285,4,184940,GMT+8
ticks,1499951453429000000,i1709,4865,4870,369,4865,1273,30,184970,GMT+8
ticks,1499951453958000000,i1709,4865,4870,692,4865,249,2060,187030,GMT+8
ticks,1499951454460000000,i1709,4865,4865,1141,4860,2283,2340,189370,GMT+8
ticks,1499951454912000000,i1709,4865,4865,1187,4860,2281,4,189374,GMT+8
ticks,1499951455436000000,i1709,4865,4865,1164,4860,2282,106,189480,GMT+8
ticks,1499951455911000000,i1709,4865,4865,1158,4860,2282,14,189494,GMT+8
ticks,1499951456422000000,i1709,4865,4865,857,4860,2281,604,190098,GMT+8
ticks,1499951456949000000,i1709,4865,4865,838,4860,2296,26,190124,GMT+8
ticks,1499951457337000000,i1709,4860,4865,838,4860,2282,8,190132,GMT+8
ticks,1499951457938000000,i1709,4865,4865,833,4860,2276,22,190154,GMT+8
ticks,1499951458364000000,i1709,4865,4865,793,4860,2273,2,190156,GMT+8
ticks,1499951458943000000,i1709,4865,4865,787,4860,2270,26,190182,GMT+8
ticks,1499951459451000000,i1709,4860,4865,782,4860,2268,22,190204,GMT+8
ticks,1499951459890000000,i1709,4860,4865,792,4860,2258,4,190208,GMT+8
ticks,1499951460440000000,i1709,4865,4865,784,4860,2251,32,190240,GMT+8
ticks,1499951460950000000,i1709,4860,4865,762,4860,2249,52,190292,GMT+8
ticks,1499951461410000000,i1709,4860,4865,751,4860,2239,32,190324,GMT+8
ticks,1499951461939000000,i1709,4860,4865,751,4860,2236,4,190328,GMT+8
ticks,1499951462416000000,i1709,4865,4865,754,4860,2255,4,190332,GMT+8
ticks,1499951462960000000,i1709,4860,4865,567,4860,2248,434,190766,GMT+8
ticks,1499951463313000000,i1709,4865,4865,410,4860,2276,316,191082,GMT+8
ticks,1499951463959000000,i1709,4865,4870,2084,4865,800,850,191932,GMT+8
ticks,1499951464446000000,i1709,4865,4870,2084,4865,847,8,191940,GMT+8
ticks,1499951464940000000,i1709,4865,4870,2090,4865,978,8,191948,GMT+8
ticks,1499951465442000000,i1709,4865,4870,2092,4865,1115,18,191966,GMT+8
ticks,1499951465937000000,i1709,4870,4870,2090,4865,1129,12,191978,GMT+8
ticks,1499951466454000000,i1709,4870,4870,2081,4865,1135,0,191978,GMT+8
ticks,1499951466940000000,i1709,4865,4870,2043,4865,1134,6,191984,GMT+8
ticks,1499951467346000000,i1709,4865,4870,2026,4865,1181,2,191986,GMT+8
ticks,1499951467889000000,i1709,4865,4870,2031,4865,1185,20,192006,GMT+8
ticks,1499951468424000000,i1709,4865,4870,2038,4865,1219,4,192010,GMT+8
ticks,1499951468862000000,i1709,4865,4870,2037,4865,1240,22,192032,GMT+8
ticks,1499951469443000000,i1709,4870,4870,2027,4865,1267,2,192034,GMT+8
ticks,1499951469796000000,i1709,4870,4870,2020,4865,1263,14,192048,GMT+8
ticks,1499951470329000000,i1709,4870,4870,2031,4865,1273,2,192050,GMT+8
ticks,1499951470906000000,i1709,4870,4870,2032,4865,1268,14,192064,GMT+8
ticks,1499951471391000000,i1709,4865,4870,2033,4865,1267,6,192070,GMT+8
ticks,1499951471908000000,i1709,4865,4870,2034,4865,1264,8,192078,GMT+8
ticks,1499951472446000000,i1709,4865,4870,2051,4865,1411,12,192090,GMT+8
ticks,1499951472939000000,i1709,4865,4870,2057,4865,2097,24,192114,GMT+8
ticks,1499951473449000000,i1709,4870,4870,2055,4865,2099,2,192116,GMT+8
ticks,1499951473950000000,i1709,4865,4870,2058,4865,2106,4,192120,GMT+8
ticks,1499951474444000000,i1709,4870,4870,2058,4865,2046,124,192244,GMT+8
ticks,1499951474928000000,i1709,4865,4870,2057,4865,1848,114,192358,GMT+8
ticks,1499951475450000000,i1709,4865,4870,2053,4865,1817,68,192426,GMT+8
ticks,1499951475954000000,i1709,4870,4870,2056,4865,2103,12,192438,GMT+8
ticks,1499951476388000000,i1709,4870,4870,2056,4865,2093,0,192438,GMT+8
ticks,1499951476952000000,i1709,4870,4870,2054,4865,2094,6,192444,GMT+8
ticks,1499951477448000000,i1709,4865,4870,2054,4865,2089,10,192454,GMT+8
ticks,1499951477916000000,i1709,4870,4870,2054,4865,2084,10,192464,GMT+8
ticks,1499951478371000000,i1709,4865,4870,2054,4865,2079,2,192466,GMT+8
ticks,1499951478936000000,i1709,4865,4870,2054,4865,2289,2,192468,GMT+8
ticks,1499951479403000000,i1709,4865,4870,2049,4865,2266,16,192484,GMT+8
ticks,1499951479961000000,i1709,4865,4870,2049,4865,2245,2,192486,GMT+8
ticks,1499951480451000000,i1709,4865,4870,2043,4865,2251,0,192486,GMT+8
ticks,1499951480780000000,i1709,4865,4870,2042,4865,2247,8,192494,GMT+8
ticks,1499951481439000000,i1709,4865,4870,2042,4865,2234,28,192522,GMT+8
ticks,1499951481871000000,i1709,4865,4870,2043,4865,2299,2,192524,GMT+8
ticks,1499951482454000000,i1709,4865,4870,2047,4865,2304,4,192528,GMT+8
ticks,1499951482929000000,i1709,4870,4870,2046,4865,2295,46,192574,GMT+8
ticks,1499951483440000000,i1709,4865,4870,2046,4865,2300,4,192578,GMT+8
ticks,1499951483948000000,i1709,4865,4870,2046,4865,2177,8,192586,GMT+8
ticks,1499951484390000000,i1709,4870,4870,2044,4865,2178,4,192590,GMT+8
ticks,1499951484950000000,i1709,4865,4870,2252,4865,2174,12,192602,GMT+8
ticks,1499951485293000000,i1709,4870,4870,2252,4865,2176,6,192608,GMT+8
ticks,1499951485950000000,i1709,4865,4870,2252,4865,2149,4,192612,GMT+8
ticks,1499951486393000000,i1709,4870,4870,2251,4865,2151,2,192614,GMT+8
ticks,1499951486852000000,i1709,4865,4870,2250,4865,2140,22,192636,GMT+8
ticks,1499951487452000000,i1709,4870,4870,2248,4865,2142,4,192640,GMT+8
ticks,1499951487893000000,i1709,4870,4870,2249,4865,2183,0,192640,GMT+8
ticks,1499951488443000000,i1709,4865,4870,2258,4865,2176,20,192660,GMT+8
ticks,1499951488924000000,i1709,4865,4870,2258,4865,2138,8,192668,GMT+8
ticks,1499951489398000000,i1709,4865,4870,2259,4865,2133,10,192678,GMT+8
ticks,1499951489898000000,i1709,4865,4870,2259,4865,2131,6,192684,GMT+8
ticks,1499951490451000000,i1709,4865,4870,2269,4865,2128,10,192694,GMT+8
ticks,1499951490893000000,i1709,4870,4870,2267,4865,2215,4,192698,GMT+8
ticks,1499951491368000000,i1709,4865,4870,2267,4865,2209,10,192708,GMT+8
ticks,1499951491921000000,i1709,4870,4870,2266,4865,2215,2,192710,GMT+8
ticks,1499951492448000000,i1709,4870,4870,2278,4865,2215,0,192710,GMT+8
ticks,1499951492925000000,i1709,4865,4870,2278,4865,2219,2,192712,GMT+8
ticks,1499951493454000000,i1709,4865,4870,2286,4865,2220,2,192714,GMT+8
ticks,1499951493941000000,i1709,4870,4870,2283,4865,2233,6,192720,GMT+8
ticks,1499951494387000000,i1709,4870,4870,2282,4865,2232,4,192724,GMT+8
ticks,1499951494896000000,i1709,4865,4870,2282,4865,2183,4,192728,GMT+8
ticks,1499951495460000000,i1709,4865,4870,2285,4865,2169,0,192728,GMT+8
ticks,1499951495812000000,i1709,4865,4870,2278,4865,2171,16,192744,GMT+8
ticks,1499951496427000000,i1709,4870,4870,2227,4865,2178,100,192844,GMT+8
ticks,1499951496917000000,i1709,4870,4870,2196,4865,2137,148,192992,GMT+8
ticks,1499951497372000000,i1709,4870,4870,2197,4865,2138,0,192992,GMT+8
ticks,1499951497890000000,i1709,4865,4870,2209,4865,2137,4,192996,GMT+8
ticks,1499951498444000000,i1709,4870,4870,2207,4865,2134,4,193000,GMT+8
