name,time,symbol,last,ask_price,ask_size,bid_price,bid_size,volume,total_volume,timezone
ticks,1499173200000000000,i1709,4680,4680,769,4675,40,3350,3350,GMT+8
ticks,1499173200447000000,i1709,4685,4685,676,4680,501,4578,7928,GMT+8
ticks,1499173200948000000,i1709,4690,4690,199,4685,180,6052,13980,GMT+8
ticks,1499173201447000000,i1709,4695,4695,1499,4690,158,848,14828,GMT+8
ticks,1499173201948000000,i1709,4695,4695,1210,4690,440,1238,16066,GMT+8
ticks,1499173202446000000,i1709,4690,4695,1411,4690,172,724,16790,GMT+8
ticks,1499173202945000000,i1709,4690,4690,99,4685,699,724,17514,GMT+8
ticks,1499173203430000000,i1709,4685,4690,240,4685,373,972,18486,GMT+8
ticks,1499173203942000000,i1709,4685,4690,1111,4685,236,346,18832,GMT+8
ticks,1499173204443000000,i1709,4685,4685,212,4680,519,996,19828,GMT+8
ticks,1499173204932000000,i1709,4680,4685,326,4680,280,908,20736,GMT+8
ticks,1499173205441000000,i1709,4675,4680,2,4675,545,690,21426,GMT+8
ticks,1499173205934000000,i1709,4675,4680,5,4675,555,158,21584,GMT+8
ticks,1499173206444000000,i1709,4680,4680,128,4675,523,100,21684,GMT+8
ticks,1499173206902000000,i1709,4680,4685,549,4680,79,966,22650,GMT+8
ticks,1499173207446000000,i1709,4685,4685,542,4680,109,94,22744,GMT+8
ticks,1499173207940000000,i1709,4680,4685,553,4680,306,146,22890,GMT+8
ticks,1499173208442000000,i1709,4680,4685,735,4680,376,116,23006,GMT+8
ticks,1499173208910000000,i1709,4680,4680,94,4675,502,1022,24028,GMT+8
ticks,1499173209445000000,i1709,4680,4680,156,4675,470,216,24244,GMT+8
ticks,1499173209945000000,i1709,4680,4680,765,4675,461,14,24258,GMT+8
ticks,1499173210397000000,i1709,4680,4680,845,4675,531,78,24336,GMT+8
ticks,1499173210938000000,i1709,4680,4680,1120,4675,534,56,24392,GMT+8
ticks,1499173211439000000,i1709,4680,4680,1098,4675,532,76,24468,GMT+8
ticks,1499173211948000000,i1709,4680,4680,1071,4675,535,60,24528,GMT+8
ticks,1499173212435000000,i1709,4680,4680,1118,4675,508,62,24590,GMT+8
ticks,1499173212906000000,i1709,4675,4680,1123,4675,354,444,25034,GMT+8
ticks,1499173213443000000,i1709,4675,4680,1119,4675,362,62,25096,GMT+8
ticks,1499173213931000000,i1709,4675,4680,664,4675,314,190,25286,GMT+8
ticks,1499173214436000000,i1709,4675,4680,662,4675,465,32,25318,GMT+8
ticks,1499173214915000000,i1709,4675,4680,668,4675,926,54,25372,GMT+8
ticks,1499173215414000000,i1709,4675,4680,607,4675,910,286,25658,GMT+8
ticks,1499173215929000000,i1709,4680,4685,794,4680,626,1338,26996,GMT+8
ticks,1499173216444000000,i1709,4680,4685,798,4680,991,12,27008,GMT+8
ticks,1499173216934000000,i1709,4680,4685,799,4680,1082,48,27056,GMT+8
ticks,1499173217447000000,i1709,4685,4685,778,4680,1076,48,27104,GMT+8
ticks,1499173217921000000,i1709,4685,4690,862,4685,93,2686,29790,GMT+8
ticks,1499173218430000000,i1709,4685,4690,991,4685,369,46,29836,GMT+8
ticks,1499173218929000000,i1709,4685,4690,1043,4685,591,40,29876,GMT+8
ticks,1499173219448000000,i1709,4685,4690,1133,4685,540,126,30002,GMT+8
ticks,1499173219931000000,i1709,4685,4690,1131,4685,536,36,30038,GMT+8
ticks,1499173220399000000,i1709,4685,4690,1159,4685,465,62,30100,GMT+8
ticks,1499173220909000000,i1709,4690,4690,1193,4685,415,44,30144,GMT+8
ticks,1499173221442000000,i1709,4685,4685,41,4680,1189,1818,31962,GMT+8
ticks,1499173221939000000,i1709,4685,4685,134,4680,1165,16,31978,GMT+8
ticks,1499173222445000000,i1709,4680,4685,126,4680,1159,438,32416,GMT+8
ticks,1499173222948000000,i1709,4685,4690,919,4685,143,488,32904,GMT+8
ticks,1499173223444000000,i1709,4685,4690,796,4685,191,344,33248,GMT+8
ticks,1499173223945000000,i1709,4685,4690,794,4685,823,36,33284,GMT+8
ticks,1499173224432000000,i1709,4685,4690,661,4685,1189,294,33578,GMT+8
ticks,1499173224944000000,i1709,4685,4690,1019,4685,1211,26,33604,GMT+8
ticks,1499173225438000000,i1709,4685,4690,1025,4685,1172,86,33690,GMT+8
ticks,1499173225922000000,i1709,4685,4690,1089,4685,1105,156,33846,GMT+8
ticks,1499173226445000000,i1709,4685,4690,1147,4685,1107,48,33894,GMT+8
ticks,1499173226939000000,i1709,4685,4690,1257,4685,1053,176,34070,GMT+8
ticks,1499173227448000000,i1709,4685,4690,954,4685,974,914,34984,GMT+8
ticks,1499173227895000000,i1709,4690,4690,989,4685,931,124,35108,GMT+8
ticks,1499173228433000000,i1709,4685,4690,1060,4685,702,518,35626,GMT+8
ticks,1499173228945000000,i1709,4685,4690,910,4685,593,618,36244,GMT+8
ticks,1499173229434000000,i1709,4685,4690,936,4685,412,404,36648,GMT+8
ticks,1499173229942000000,i1709,4685,4685,508,4680,599,858,37506,GMT+8
ticks,1499173230433000000,i1709,4685,4685,613,4680,603,40,37546,GMT+8
ticks,1499173230928000000,i1709,4685,4685,615,4680,604,92,37638,GMT+8
ticks,1499173231436000000,i1709,4685,4685,520,4680,613,216,37854,GMT+8
ticks,1499173231944000000,i1709,4690,4690,1121,4685,251,1092,38946,GMT+8
ticks,1499173232448000000,i1709,4690,4690,670,4685,257,888,39834,GMT+8
ticks,1499173232914000000,i1709,4685,4690,711,4685,297,62,39896,GMT+8
ticks,1499173233444000000,i1709,4690,4690,739,4685,311,86,39982,GMT+8
ticks,1499173233947000000,i1709,4685,4690,778,4685,332,14,39996,GMT+8
ticks,1499173234445000000,i1709,4685,4690,820,4685,445,124,40120,GMT+8
ticks,1499173234940000000,i1709,4685,4690,808,4685,393,158,40278,GMT+8
ticks,1499173235377000000,i1709,4685,4690,813,4685,370,66,40344,GMT+8
ticks,1499173235906000000,i1709,4685,4690,750,4685,363,152,40496,GMT+8
ticks,1499173236438000000,i1709,4690,4690,572,4685,347,446,40942,GMT+8
ticks,1499173236931000000,i1709,4685,4690,733,4685,339,44,40986,GMT+8
ticks,1499173237449000000,i1709,4690,4690,788,4685,381,22,41008,GMT+8
ticks,1499173237946000000,i1709,4690,4690,897,4685,401,102,41110,GMT+8
ticks,1499173238434000000,i1709,4690,4690,910,4685,406,40,41150,GMT+8
ticks,1499173238928000000,i1709,4685,4690,953,4685,352,110,41260,GMT+8
ticks,1499173239432000000,i1709,4690,4690,1041,4685,346,54,41314,GMT+8
ticks,1499173239942000000,i1709,4685,4690,938,4685,341,250,41564,GMT+8
ticks,1499173240435000000,i1709,4690,4690,927,4685,308,178,41742,GMT+8
ticks,1499173240944000000,i1709,4690,4690,947,4685,295,80,41822,GMT+8
ticks,1499173241445000000,i1709,4685,4690,945,4685,336,46,41868,GMT+8
ticks,1499173241937000000,i1709,4685,4690,949,4685,12,760,42628,GMT+8
ticks,1499173242444000000,i1709,4690,4690,836,4685,51,278,42906,GMT+8
ticks,1499173242940000000,i1709,4685,4690,831,4685,50,88,42994,GMT+8
ticks,1499173243439000000,i1709,4685,4690,1085,4685,57,874,43868,GMT+8
ticks,1499173243911000000,i1709,4685,4685,10,4680,754,452,44320,GMT+8
ticks,1499173244447000000,i1709,4690,4685,3,4680,780,504,44824,GMT+8
ticks,1499173244860000000,i1709,4685,4690,902,4680,748,286,45110,GMT+8
ticks,1499173245449000000,i1709,4680,4685,1,4680,811,94,45204,GMT+8
ticks,1499173245945000000,i1709,4680,4685,40,4680,793,20,45224,GMT+8
ticks,1499173246445000000,i1709,4680,4685,298,4680,767,46,45270,GMT+8
ticks,1499173246883000000,i1709,4685,4685,311,4680,739,24,45294,GMT+8
ticks,1499173247445000000,i1709,4680,4685,395,4680,848,52,45346,GMT+8
ticks,1499173247930000000,i1709,4685,4685,198,4680,867,608,45954,GMT+8
ticks,1499173248441000000,i1709,4685,4685,213,4680,842,46,46000,GMT+8
ticks,1499173248934000000,i1709,4685,4690,916,4685,209,440,46440,GMT+8
ticks,1499173249422000000,i1709,4685,4690,982,4685,324,122,46562,GMT+8
ticks,1499173249937000000,i1709,4685,4690,978,4685,288,220,46782,GMT+8
ticks,1499173250401000000,i1709,4685,4690,977,4685,281,44,46826,GMT+8
ticks,1499173250916000000,i1709,4685,4690,993,4685,480,222,47048,GMT+8
ticks,1499173251428000000,i1709,4685,4690,1008,4685,438,32,47080,GMT+8
ticks,1499173251932000000,i1709,4685,4690,1027,4685,410,64,47144,GMT+8
ticks,1499173252436000000,i1709,4685,4690,1110,4685,385,44,47188,GMT+8
ticks,1499173252946000000,i1709,4685,4690,1120,4685,392,64,47252,GMT+8
ticks,1499173253447000000,i1709,4685,4690,1134,4685,347,92,47344,GMT+8
ticks,1499173253926000000,i1709,4685,4690,1154,4685,306,68,47412,GMT+8
ticks,1499173254448000000,i1709,4685,4690,1258,4685,305,8,47420,GMT+8
ticks,1499173254938000000,i1709,4685,4690,1285,4685,291,30,47450,GMT+8
ticks,1499173255445000000,i1709,4690,4690,1143,4685,280,336,47786,GMT+8
ticks,1499173255937000000,i1709,4685,4685,92,4680,1329,644,48430,GMT+8
ticks,1499173256443000000,i1709,4685,4690,1188,4685,148,242,48672,GMT+8
ticks,1499173256936000000,i1709,4685,4690,1209,4685,137,32,48704,GMT+8
ticks,1499173257440000000,i1709,4690,4690,1235,4685,266,46,48750,GMT+8
ticks,1499173257943000000,i1709,4685,4690,1237,4685,270,32,48782,GMT+8
ticks,1499173258448000000,i1709,4690,4690,1243,4685,291,28,48810,GMT+8
ticks,1499173258941000000,i1709,4685,4690,1249,4685,162,242,49052,GMT+8
ticks,1499173259398000000,i1709,4690,4690,1251,4685,408,6,49058,GMT+8
ticks,1499173259948000000,i1709,4685,4690,1256,4685,467,28,49086,GMT+8
ticks,1499173260448000000,i1709,4685,4690,1263,4685,473,24,49110,GMT+8
ticks,1499173260936000000,i1709,4685,4690,1274,4685,366,454,49564,GMT+8
ticks,1499173261436000000,i1709,4685,4685,62,4680,2402,1626,51190,GMT+8
ticks,1499173261943000000,i1709,4685,4685,94,4680,2394,16,51206,GMT+8
ticks,1499173262429000000,i1709,4685,4685,112,4680,2310,110,51316,GMT+8
ticks,1499173262927000000,i1709,4685,4690,1290,4685,20,410,51726,GMT+8
ticks,1499173263445000000,i1709,4685,4685,169,4680,2332,74,51800,GMT+8
ticks,1499173263949000000,i1709,4680,4685,95,4680,2253,170,51970,GMT+8
ticks,1499173264414000000,i1709,4685,4690,1352,4685,405,194,52164,GMT+8
ticks,1499173264943000000,i1709,4685,4690,1367,4685,533,26,52190,GMT+8
ticks,1499173265383000000,i1709,4685,4690,1300,4685,532,100,52290,GMT+8
ticks,1499173265949000000,i1709,4685,4690,1318,4685,612,46,52336,GMT+8
ticks,1499173266448000000,i1709,4685,4690,1324,4685,545,142,52478,GMT+8
ticks,1499173266946000000,i1709,4685,4690,1325,4685,581,26,52504,GMT+8
ticks,1499173267430000000,i1709,4685,4690,1438,4685,74,1040,53544,GMT+8
ticks,1499173267905000000,i1709,4685,4685,118,4680,2050,386,53930,GMT+8
ticks,1499173268432000000,i1709,4680,4685,221,4680,2039,88,54018,GMT+8
ticks,1499173268943000000,i1709,4685,4685,257,4680,1927,190,54208,GMT+8
ticks,1499173269432000000,i1709,4680,4685,271,4680,1912,30,54238,GMT+8
ticks,1499173269943000000,i1709,4685,4685,400,4680,1910,4,54242,GMT+8
ticks,1499173270432000000,i1709,4685,4685,301,4680,1915,226,54468,GMT+8
ticks,1499173270919000000,i1709,4680,4685,284,4680,1914,36,54504,GMT+8
ticks,1499173271438000000,i1709,4685,4685,383,4680,1832,170,54674,GMT+8
ticks,1499173271937000000,i1709,4680,4685,380,4680,1822,46,54720,GMT+8
ticks,1499173272446000000,i1709,4685,4685,488,4680,1822,66,54786,GMT+8
ticks,1499173272920000000,i1709,4685,4685,485,4680,1871,6,54792,GMT+8
ticks,1499173273437000000,i1709,4685,4685,486,4680,1870,2,54794,GMT+8
ticks,1499173273899000000,i1709,4685,4685,438,4680,1860,132,54926,GMT+8
ticks,1499173274415000000,i1709,4680,4685,438,4680,1849,38,54964,GMT+8
ticks,1499173274937000000,i1709,4685,4685,415,4680,1846,60,55024,GMT+8
ticks,1499173275447000000,i1709,4685,4685,571,4680,1847,0,55024,GMT+8
ticks,1499173275936000000,i1709,4685,4685,586,4680,1833,30,55054,GMT+8
ticks,1499173276429000000,i1709,4680,4685,607,4680,1805,56,55110,GMT+8
ticks,1499173276942000000,i1709,4685,4685,32,4680,1840,1110,56220,GMT+8
ticks,1499173277414000000,i1709,4680,4685,56,4680,1827,292,56512,GMT+8
ticks,1499173277924000000,i1709,4685,4685,60,4680,1750,208,56720,GMT+8
ticks,1499173278441000000,i1709,4680,4685,83,4680,1697,138,56858,GMT+8
ticks,1499173278926000000,i1709,4685,4685,39,4680,1672,100,56958,GMT+8
ticks,1499173279448000000,i1709,4685,4685,9,4680,1958,92,57050,GMT+8
ticks,1499173279935000000,i1709,4685,4685,9,4680,1951,84,57134,GMT+8
ticks,1499173280430000000,i1709,4680,4685,8,4680,1941,20,57154,GMT+8
ticks,1499173280939000000,i1709,4685,4690,1492,4685,46,22,57176,GMT+8
ticks,1499173281420000000,i1709,4685,4690,1494,4685,184,36,57212,GMT+8
ticks,1499173281910000000,i1709,4685,4690,1497,4685,273,82,57294,GMT+8
ticks,1499173282437000000,i1709,4685,4690,1503,4685,495,70,57364,GMT+8
ticks,1499173282934000000,i1709,4690,4690,1451,4685,500,118,57482,GMT+8
ticks,1499173283443000000,i1709,4690,4690,1447,4685,615,32,57514,GMT+8
ticks,1499173283900000000,i1709,4685,4690,1411,4685,552,242,57756,GMT+8
ticks,1499173284447000000,i1709,4685,4690,1397,4685,516,104,57860,GMT+8
ticks,1499173284940000000,i1709,4685,4690,1498,4685,487,64,57924,GMT+8
ticks,1499173285389000000,i1709,4685,4690,997,4685,275,1692,59616,GMT+8
ticks,1499173285944000000,i1709,4685,4690,948,4685,299,102,59718,GMT+8
ticks,1499173286430000000,i1709,4685,4690,843,4685,406,76,59794,GMT+8
ticks,1499173286942000000,i1709,4690,4690,837,4685,705,22,59816,GMT+8
ticks,1499173287434000000,i1709,4685,4690,1037,4685,709,16,59832,GMT+8
ticks,1499173287925000000,i1709,4690,4690,1058,4685,707,16,59848,GMT+8
ticks,1499173288420000000,i1709,4690,4690,1056,4685,829,28,59876,GMT+8
ticks,1499173288919000000,i1709,4685,4690,1058,4685,953,6,59882,GMT+8
ticks,1499173289386000000,i1709,4685,4690,1031,4685,949,70,59952,GMT+8
ticks,1499173289923000000,i1709,4685,4690,1014,4685,892,176,60128,GMT+8
ticks,1499173290444000000,i1709,4690,4690,1020,4685,863,116,60244,GMT+8
ticks,1499173290926000000,i1709,4690,4690,1010,4685,859,12,60256,GMT+8
ticks,1499173291406000000,i1709,4690,4690,967,4685,859,64,60320,GMT+8
ticks,1499173291883000000,i1709,4690,4690,975,4685,864,20,60340,GMT+8
ticks,1499173292374000000,i1709,4690,4690,1072,4685,763,12,60352,GMT+8
ticks,1499173292922000000,i1709,4690,4690,1093,4685,744,46,60398,GMT+8
ticks,1499173293378000000,i1709,4690,4690,1092,4685,695,2,60400,GMT+8
ticks,1499173293911000000,i1709,4690,4690,1102,4685,695,36,60436,GMT+8
ticks,1499173294428000000,i1709,4685,4690,1122,4685,690,14,60450,GMT+8
ticks,1499173294903000000,i1709,4690,4690,1121,4685,726,8,60458,GMT+8
ticks,1499173295442000000,i1709,4690,4690,1111,4685,707,18,60476,GMT+8
ticks,1499173295942000000,i1709,4685,4690,1101,4685,691,34,60510,GMT+8
ticks,1499173296426000000,i1709,4685,4690,1114,4685,692,6,60516,GMT+8
ticks,1499173296929000000,i1709,4685,4690,1121,4685,679,24,60540,GMT+8
ticks,1499173297441000000,i1709,4690,4690,1120,4685,675,16,60556,GMT+8
ticks,1499173297913000000,i1709,4690,4690,1101,4685,631,40,60596,GMT+8
ticks,1499173298442000000,i1709,4690,4690,1091,4685,636,14,60610,GMT+8
ticks,1499173298938000000,i1709,4685,4690,1105,4685,637,2,60612,GMT+8
ticks,1499173299387000000,i1709,4690,4690,1103,4685,637,8,60620,GMT+8
ticks,1499173299940000000,i1709,4690,4690,1100,4685,631,30,60650,GMT+8
ticks,1499173300448000000,i1709,4685,4685,92,4680,2414,1314,61964,GMT+8
ticks,1499173300947000000,i1709,4680,4685,596,4680,2339,150,62114,GMT+8
ticks,1499173301446000000,i1709,4680,4685,693,4680,2062,552,62666,GMT+8
ticks,1499173301937000000,i1709,4685,4685,741,4680,2058,26,62692,GMT+8
ticks,1499173302435000000,i1709,4685,4685,722,4680,2062,62,62754,GMT+8
ticks,1499173302931000000,i1709,4685,4685,698,4680,2067,44,62798,GMT+8
ticks,1499173303448000000,i1709,4685,4685,679,4680,2066,66,62864,GMT+8
ticks,1499173303907000000,i1709,4680,4685,769,4680,2058,24,62888,GMT+8
ticks,1499173304441000000,i1709,4680,4685,757,4680,2057,58,62946,GMT+8
ticks,1499173304949000000,i1709,4685,4685,748,4680,2059,22,62968,GMT+8
ticks,1499173305384000000,i1709,4685,4685,393,4680,2070,714,63682,GMT+8
ticks,1499173305879000000,i1709,4680,4685,397,4680,2186,58,63740,GMT+8
ticks,1499173306434000000,i1709,4680,4685,627,4680,2112,134,63874,GMT+8
ticks,1499173306937000000,i1709,4680,4685,645,4680,2034,170,64044,GMT+8
ticks,1499173307431000000,i1709,4685,4685,681,4680,2034,22,64066,GMT+8
ticks,1499173307942000000,i1709,4680,4685,676,4680,2030,28,64094,GMT+8
ticks,1499173308448000000,i1709,4685,4685,657,4680,2033,66,64160,GMT+8
ticks,1499173308934000000,i1709,4680,4685,853,4680,2021,14,64174,GMT+8
ticks,1499173309423000000,i1709,4680,4685,851,4680,2016,24,64198,GMT+8
ticks,1499173309939000000,i1709,4685,4685,1017,4680,1949,134,64332,GMT+8
ticks,1499173310430000000,i1709,4685,4685,938,4680,1949,184,64516,GMT+8
ticks,1499173310935000000,i1709,4680,4685,961,4680,1950,2,64518,GMT+8
ticks,1499173311345000000,i1709,4680,4685,960,4680,1948,8,64526,GMT+8
ticks,1499173311901000000,i1709,4685,4685,975,4680,1947,4,64530,GMT+8
ticks,1499173312437000000,i1709,4680,4685,990,4680,1957,10,64540,GMT+8
ticks,1499173312879000000,i1709,4685,4685,998,4680,1955,14,64554,GMT+8
ticks,1499173313426000000,i1709,4685,4685,1012,4680,1957,2,64556,GMT+8
ticks,1499173313931000000,i1709,4680,4685,1114,4680,1954,10,64566,GMT+8
ticks,1499173314421000000,i1709,4680,4685,1109,4680,1953,16,64582,GMT+8
ticks,1499173314917000000,i1709,4680,4685,1129,4680,1945,8,64590,GMT+8
ticks,1499173315426000000,i1709,4680,4685,1135,4680,1941,10,64600,GMT+8
ticks,1499173315926000000,i1709,4680,4685,1141,4680,1944,8,64608,GMT+8
ticks,1499173316449000000,i1709,4685,4685,1120,4680,1939,70,64678,GMT+8
ticks,1499173316930000000,i1709,4685,4685,925,4680,2040,404,65082,GMT+8
ticks,1499173317440000000,i1709,4685,4685,834,4680,2029,40,65122,GMT+8
ticks,1499173317940000000,i1709,4680,4685,744,4680,2115,242,65364,GMT+8
ticks,1499173318422000000,i1709,4685,4685,545,4680,2059,514,65878,GMT+8
ticks,1499173318936000000,i1709,4680,4685,578,4680,2111,4,65882,GMT+8
ticks,1499173319449000000,i1709,4680,4685,322,4680,2109,520,66402,GMT+8
ticks,1499173319944000000,i1709,4685,4690,1460,4685,77,682,67084,GMT+8
ticks,1499173320443000000,i1709,4690,4690,1365,4685,106,20,67104,GMT+8
ticks,1499173320940000000,i1709,4685,4690,1370,4685,197,238,67342,GMT+8
ticks,1499173321445000000,i1709,4685,4690,1370,4685,266,4,67346,GMT+8
ticks,1499173321918000000,i1709,4685,4690,1375,4685,252,32,67378,GMT+8
ticks,1499173322445000000,i1709,4685,4690,1405,4685,452,4,67382,GMT+8
ticks,1499173322867000000,i1709,4685,4690,1356,4685,451,14,67396,GMT+8
ticks,1499173323414000000,i1709,4685,4690,1314,4685,523,14,67410,GMT+8
ticks,1499173323943000000,i1709,4685,4690,1314,4685,536,28,67438,GMT+8
ticks,1499173324391000000,i1709,4690,4690,1313,4685,481,120,67558,GMT+8
ticks,1499173324919000000,i1709,4685,4690,1320,4685,387,230,67788,GMT+8
ticks,1499173325444000000,i1709,4685,4690,1320,4685,411,16,67804,GMT+8
ticks,1499173325893000000,i1709,4685,4690,1320,4685,390,6,67810,GMT+8
ticks,1499173326415000000,i1709,4690,4690,1324,4685,604,48,67858,GMT+8
ticks,1499173326926000000,i1709,4690,4690,1316,4685,523,200,68058,GMT+8
ticks,1499173327429000000,i1709,4685,4690,1317,4685,519,14,68072,GMT+8
ticks,1499173327901000000,i1709,4685,4690,1318,4685,517,10,68082,GMT+8
ticks,1499173328450000000,i1709,4685,4690,1325,4685,512,18,68100,GMT+8
ticks,1499173328949000000,i1709,4685,4690,1314,4685,508,32,68132,GMT+8
ticks,1499173329442000000,i1709,4685,4690,1316,4685,511,30,68162,GMT+8
ticks,1499173329922000000,i1709,4685,4690,1429,4685,300,468,68630,GMT+8
ticks,1499173330437000000,i1709,4685,4685,528,4680,2258,518,69148,GMT+8
ticks,1499173330926000000,i1709,4685,4685,485,4680,2238,98,69246,GMT+8
ticks,1499173331438000000,i1709,4685,4685,434,4680,2330,156,69402,GMT+8
ticks,1499173331947000000,i1709,4680,4685,441,4680,2330,2,69404,GMT+8
ticks,1499173332413000000,i1709,4685,4685,422,4680,2329,12,69416,GMT+8
ticks,1499173332946000000,i1709,4685,4685,417,4680,2365,14,69430,GMT+8
ticks,1499173333432000000,i1709,4685,4690,1326,4685,538,838,70268,GMT+8
ticks,1499173333941000000,i1709,4685,4690,1333,4685,559,12,70280,GMT+8
ticks,1499173334403000000,i1709,4685,4690,1336,4685,585,44,70324,GMT+8
ticks,1499173334924000000,i1709,4685,4690,1337,4685,565,66,70390,GMT+8
ticks,1499173335448000000,i1709,4685,4690,1338,4685,580,20,70410,GMT+8
ticks,1499173335949000000,i1709,4685,4690,1354,4685,577,12,70422,GMT+8
ticks,1499173336442000000,i1709,4685,4690,1354,4685,559,36,70458,GMT+8
ticks,1499173336948000000,i1709,4685,4690,1349,4685,484,66,70524,GMT+8
ticks,1499173337411000000,i1709,4685,4690,1351,4685,455,64,70588,GMT+8
ticks,1499173337937000000,i1709,4685,4690,1369,4685,453,4,70592,GMT+8
ticks,1499173338407000000,i1709,4690,4690,1340,4685,650,82,70674,GMT+8
ticks,1499173338913000000,i1709,4685,4690,1381,4685,901,30,70704,GMT+8
ticks,1499173339401000000,i1709,4685,4690,1372,4685,944,38,70742,GMT+8
ticks,1499173339892000000,i1709,4690,4690,1373,4685,954,6,70748,GMT+8
ticks,1499173340436000000,i1709,4685,4690,1373,4685,947,18,70766,GMT+8
ticks,1499173340939000000,i1709,4685,4690,1374,4685,936,24,70790,GMT+8
ticks,1499173341449000000,i1709,4690,4690,1361,4685,936,42,70832,GMT+8
ticks,1499173341929000000,i1709,4690,4690,1359,4685,935,4,70836,GMT+8
ticks,1499173342443000000,i1709,4690,4690,1337,4685,915,82,70918,GMT+8
ticks,1499173342920000000,i1709,4685,4690,1360,4685,920,4,70922,GMT+8
ticks,1499173343444000000,i1709,4685,4690,1364,4685,920,6,70928,GMT+8
ticks,1499173343945000000,i1709,4685,4690,1363,4685,928,16,70944,GMT+8
ticks,1499173344444000000,i1709,4685,4690,1369,4685,1499,0,70944,GMT+8
ticks,1499173344945000000,i1709,4685,4690,1413,4685,1511,18,70962,GMT+8
ticks,1499173345428000000,i1709,4690,4690,1414,4685,1510,4,70966,GMT+8
ticks,1499173345948000000,i1709,4690,4690,1515,4685,1502,28,70994,GMT+8
ticks,1499173346428000000,i1709,4690,4690,1512,4685,1500,8,71002,GMT+8
ticks,1499173346918000000,i1709,4690,4690,1498,4685,1422,166,71168,GMT+8
ticks,1499173347450000000,i1709,4690,4690,1498,4685,1418,18,71186,GMT+8
ticks,1499173347946000000,i1709,4690,4690,1492,4685,1417,14,71200,GMT+8
ticks,1499173348428000000,i1709,4690,4690,1475,4685,1469,34,71234,GMT+8
ticks,1499173348914000000,i1709,4690,4690,1472,4685,1465,12,71246,GMT+8
ticks,1499173349433000000,i1709,4690,4690,1491,4685,1481,4,71250,GMT+8
ticks,1499173349886000000,i1709,4685,4690,1485,4685,1466,38,71288,GMT+8
ticks,1499173350419000000,i1709,4685,4690,1500,4685,1467,4,71292,GMT+8
ticks,1499173350937000000,i1709,4685,4690,1493,4685,1471,40,71332,GMT+8
ticks,1499173351443000000,i1709,4690,4690,1475,4685,1372,208,71540,GMT+8
ticks,1499173351933000000,i1709,4685,4690,1484,4685,1369,14,71554,GMT+8
ticks,1499173352385000000,i1709,4685,4690,1484,4685,1376,2,71556,GMT+8
ticks,1499173352758000000,i1709,4685,4690,1486,4685,1366,30,71586,GMT+8
ticks,1499173353448000000,i1709,4685,4690,1494,4685,1361,8,71594,GMT+8
ticks,1499173353860000000,i1709,4690,4690,1494,4685,1360,12,71606,GMT+8
ticks,1499173354419000000,i1709,4690,4690,1484,4685,1346,54,71660,GMT+8
ticks,1499173354944000000,i1709,4690,4690,1485,4685,1055,406,72066,GMT+8
ticks,1499173355349000000,i1709,4685,4690,1526,4685,1053,6,72072,GMT+8
ticks,1499173355934000000,i1709,4690,4690,1528,4685,1008,4,72076,GMT+8
ticks,1499173356430000000,i1709,4690,4690,1538,4685,1012,0,72076,GMT+8
ticks,1499173356916000000,i1709,4690,4690,1538,4685,1012,2,72078,GMT+8
ticks,1499173357371000000,i1709,4690,4690,1533,4685,1000,32,72110,GMT+8
ticks,1499173357909000000,i1709,4685,4690,1529,4685,1009,16,72126,GMT+8
ticks,1499173358436000000,i1709,4690,4690,1515,4685,1006,58,72184,GMT+8
ticks,1499173358920000000,i1709,4685,4690,1504,4685,1023,36,72220,GMT+8
ticks,1499173359400000000,i1709,4685,4690,1514,4685,1023,6,72226,GMT+8
ticks,1499173359859000000,i1709,4685,4690,1512,4685,1021,8,72234,GMT+8
ticks,1499173360449000000,i1709,4685,4690,1457,4685,1014,142,72376,GMT+8
ticks,1499173360874000000,i1709,4690,4690,1457,4685,1024,2,72378,GMT+8
ticks,1499173361441000000,i1709,4685,4690,1439,4685,979,82,72460,GMT+8
ticks,1499173361870000000,i1709,4685,4690,1442,4685,878,198,72658,GMT+8
ticks,1499173362374000000,i1709,4685,4690,1442,4685,872,30,72688,GMT+8
ticks,1499173362868000000,i1709,4685,4690,1442,4685,810,116,72804,GMT+8
ticks,1499173363432000000,i1709,4685,4690,1457,4685,803,14,72818,GMT+8
ticks,1499173363896000000,i1709,4690,4690,1459,4685,784,46,72864,GMT+8
ticks,1499173364412000000,i1709,4690,4690,1458,4685,837,2,72866,GMT+8
ticks,1499173364928000000,i1709,4685,4690,1463,4685,830,14,72880,GMT+8
ticks,1499173365394000000,i1709,4690,4690,1464,4685,809,38,72918,GMT+8
ticks,1499173365944000000,i1709,4685,4690,1470,4685,800,28,72946,GMT+8
ticks,1499173366429000000,i1709,4685,4690,1466,4685,785,54,73000,GMT+8
ticks,1499173366943000000,i1709,4690,4690,1462,4685,1035,14,73014,GMT+8
ticks,1499173367444000000,i1709,4685,4690,1464,4685,1028,20,73034,GMT+8
ticks,1499173367944000000,i1709,4690,4690,1252,4685,1045,424,73458,GMT+8
ticks,1499173368378000000,i1709,4690,4690,1144,4685,1059,24,73482,GMT+8
ticks,1499173368945000000,i1709,4685,4690,1161,4685,1158,4,73486,GMT+8
ticks,1499173369410000000,i1709,4690,4690,1163,4685,1230,4,73490,GMT+8
ticks,1499173369923000000,i1709,4690,4690,1101,4685,1185,230,73720,GMT+8
ticks,1499173370428000000,i1709,4690,4690,988,4685,1129,320,74040,GMT+8
ticks,1499173370935000000,i1709,4690,4690,994,4685,1135,24,74064,GMT+8
ticks,1499173371408000000,i1709,4690,4690,738,4685,1136,494,74558,GMT+8
ticks,1499173371940000000,i1709,4690,4690,364,4685,1161,790,75348,GMT+8
ticks,1499173372448000000,i1709,4690,4690,347,4685,1133,70,75418,GMT+8
ticks,1499173372925000000,i1709,4685,4690,334,4685,1299,82,75500,GMT+8
ticks,1499173373444000000,i1709,4690,4690,32,4685,1302,674,76174,GMT+8
ticks,1499173373944000000,i1709,4690,4695,2267,4690,133,104,76278,GMT+8
ticks,1499173374443000000,i1709,4690,4695,2260,4690,1486,6,76284,GMT+8
ticks,1499173374934000000,i1709,4690,4695,2260,4690,1506,10,76294,GMT+8
ticks,1499173375433000000,i1709,4695,4695,2264,4690,1506,48,76342,GMT+8
ticks,1499173375931000000,i1709,4690,4695,2262,4690,1484,58,76400,GMT+8
ticks,1499173376443000000,i1709,4690,4695,2214,4690,1484,0,76400,GMT+8
ticks,1499173376908000000,i1709,4695,4695,2200,4690,1488,10,76410,GMT+8
ticks,1499173377433000000,i1709,4695,4695,2199,4690,1494,2,76412,GMT+8
ticks,1499173377950000000,i1709,4690,4695,2192,4690,1489,16,76428,GMT+8
ticks,1499173378418000000,i1709,4690,4695,2155,4690,1499,80,76508,GMT+8
ticks,1499173378948000000,i1709,4695,4695,2155,4690,1612,4,76512,GMT+8
ticks,1499173379433000000,i1709,4695,4695,2149,4690,1615,16,76528,GMT+8
ticks,1499173379929000000,i1709,4690,4695,2094,4690,1620,52,76580,GMT+8
ticks,1499173380437000000,i1709,4690,4695,2090,4690,1622,18,76598,GMT+8
ticks,1499173380919000000,i1709,4695,4695,2078,4690,1565,124,76722,GMT+8
ticks,1499173381442000000,i1709,4690,4695,2074,4690,1572,28,76750,GMT+8
ticks,1499173381948000000,i1709,4690,4695,2071,4690,1574,12,76762,GMT+8
ticks,1499173382445000000,i1709,4690,4695,2067,4690,1701,38,76800,GMT+8
ticks,1499173382933000000,i1709,4695,4700,1628,4695,476,4066,80866,GMT+8
ticks,1499173383419000000,i1709,4700,4700,1545,4695,1592,204,81070,GMT+8
ticks,1499173383950000000,i1709,4700,4700,1158,4695,1664,1152,82222,GMT+8
ticks,1499173384444000000,i1709,4695,4700,858,4695,2192,632,82854,GMT+8
ticks,1499173384868000000,i1709,4700,4700,585,4695,2195,556,83410,GMT+8
ticks,1499173385450000000,i1709,4700,4700,193,4695,2195,832,84242,GMT+8
ticks,1499173385937000000,i1709,4700,4705,929,4700,358,406,84648,GMT+8
ticks,1499173386438000000,i1709,4705,4705,853,4700,661,166,84814,GMT+8
ticks,1499173386945000000,i1709,4705,4705,846,4700,776,206,85020,GMT+8
ticks,1499173387435000000,i1709,4700,4705,926,4700,872,82,85102,GMT+8
ticks,1499173387949000000,i1709,4705,4705,942,4700,911,56,85158,GMT+8
ticks,1499173388440000000,i1709,4705,4705,976,4700,1012,26,85184,GMT+8
ticks,1499173388941000000,i1709,4705,4705,971,4700,887,302,85486,GMT+8
ticks,1499173389447000000,i1709,4700,4705,876,4700,889,248,85734,GMT+8
ticks,1499173389944000000,i1709,4705,4705,907,4700,881,56,85790,GMT+8
ticks,1499173390434000000,i1709,4705,4705,849,4700,383,1244,87034,GMT+8
ticks,1499173390940000000,i1709,4700,4700,335,4695,1939,810,87844,GMT+8
ticks,1499173391433000000,i1709,4700,4700,449,4695,1942,130,87974,GMT+8
ticks,1499173391945000000,i1709,4700,4700,377,4695,1441,486,88460,GMT+8
ticks,1499173392443000000,i1709,4700,4700,322,4695,1442,124,88584,GMT+8
ticks,1499173392945000000,i1709,4700,4705,1008,4700,347,712,89296,GMT+8
ticks,1499173393427000000,i1709,4700,4705,1012,4700,479,32,89328,GMT+8
ticks,1499173393950000000,i1709,4705,4705,643,4700,598,794,90122,GMT+8
ticks,1499173394451000000,i1709,4700,4705,542,4700,714,254,90376,GMT+8
ticks,1499173394931000000,i1709,4705,4705,531,4700,721,92,90468,GMT+8
ticks,1499173395440000000,i1709,4705,4705,1183,4700,616,38,90506,GMT+8
ticks,1499173395942000000,i1709,4700,4705,1193,4700,633,68,90574,GMT+8
ticks,1499173396441000000,i1709,4705,4705,1369,4700,638,164,90738,GMT+8
ticks,1499173396946000000,i1709,4700,4705,1277,4700,643,272,91010,GMT+8
ticks,1499173397437000000,i1709,4705,4705,1290,4700,647,14,91024,GMT+8
ticks,1499173397879000000,i1709,4700,4705,1104,4700,642,430,91454,GMT+8
ticks,1499173398432000000,i1709,4705,4705,1077,4700,928,96,91550,GMT+8
ticks,1499173398943000000,i1709,4705,4705,1064,4700,944,48,91598,GMT+8
ticks,1499173399450000000,i1709,4705,4705,1044,4700,1011,28,91626,GMT+8
ticks,1499173399941000000,i1709,4700,4705,1018,4700,1018,98,91724,GMT+8
ticks,1499173400448000000,i1709,4705,4705,1034,4700,1029,38,91762,GMT+8
ticks,1499173400913000000,i1709,4700,4705,1018,4700,961,96,91858,GMT+8
ticks,1499173401447000000,i1709,4705,4705,722,4700,971,632,92490,GMT+8
ticks,1499173401919000000,i1709,4705,4705,727,4700,978,18,92508,GMT+8
ticks,1499173402450000000,i1709,4705,4705,651,4700,980,226,92734,GMT+8
ticks,1499173402911000000,i1709,4705,4705,641,4700,1000,36,92770,GMT+8
ticks,1499173403451000000,i1709,4705,4705,633,4700,1003,46,92816,GMT+8
ticks,1499173403920000000,i1709,4705,4705,632,4700,1005,16,92832,GMT+8
ticks,1499173404443000000,i1709,4700,4705,747,4700,1007,112,92944,GMT+8
ticks,1499173404941000000,i1709,4700,4705,868,4700,1033,200,93144,GMT+8
ticks,1499173405447000000,i1709,4705,4705,867,4700,1047,72,93216,GMT+8
ticks,1499173405948000000,i1709,4700,4705,891,4700,1047,34,93250,GMT+8
ticks,1499173406426000000,i1709,4705,4705,901,4700,1045,130,93380,GMT+8
ticks,1499173406950000000,i1709,4705,4705,873,4700,1056,92,93472,GMT+8
ticks,1499173407450000000,i1709,4705,4705,732,4700,1084,220,93692,GMT+8
ticks,1499173407939000000,i1709,4705,4705,670,4700,1164,598,94290,GMT+8
ticks,1499173408437000000,i1709,4705,4705,920,4700,1108,160,94450,GMT+8
ticks,1499173408944000000,i1709,4705,4705,1264,4700,1098,34,94484,GMT+8
ticks,1499173409419000000,i1709,4705,4705,1259,4700,1109,110,94594,GMT+8
ticks,1499173409926000000,i1709,4705,4705,1181,4700,1112,230,94824,GMT+8
ticks,1499173410427000000,i1709,4705,4705,1178,4700,1120,8,94832,GMT+8
ticks,1499173410948000000,i1709,4705,4705,1163,4700,1094,124,94956,GMT+8
ticks,1499173411439000000,i1709,4700,4705,1167,4700,1082,46,95002,GMT+8
ticks,1499173411924000000,i1709,4705,4705,1125,4700,1083,338,95340,GMT+8
ticks,1499173412446000000,i1709,4705,4705,1132,4700,1082,10,95350,GMT+8
ticks,1499173412943000000,i1709,4705,4705,1179,4700,1084,30,95380,GMT+8
ticks,1499173413432000000,i1709,4700,4705,1188,4700,1108,40,95420,GMT+8
ticks,1499173413949000000,i1709,4700,4705,1201,4700,1108,16,95436,GMT+8
ticks,1499173414446000000,i1709,4705,4705,1201,4700,1117,26,95462,GMT+8
ticks,1499173414934000000,i1709,4705,4705,1178,4700,1116,38,95500,GMT+8
ticks,1499173415399000000,i1709,4705,4705,1215,4700,1113,72,95572,GMT+8
ticks,1499173415919000000,i1709,4705,4705,1199,4700,1120,40,95612,GMT+8
ticks,1499173416436000000,i1709,4705,4705,1193,4700,1117,20,95632,GMT+8
ticks,1499173416908000000,i1709,4700,4705,1201,4700,1144,8,95640,GMT+8
ticks,1499173417450000000,i1709,4700,4705,1208,4700,1063,46,95686,GMT+8
ticks,1499173417938000000,i1709,4700,4705,1155,4700,1077,70,95756,GMT+8
ticks,1499173418426000000,i1709,4700,4705,1156,4700,943,316,96072,GMT+8
ticks,1499173418924000000,i1709,4700,4700,765,4695,1052,2092,98164,GMT+8
ticks,1499173419439000000,i1709,4700,4700,1157,4695,1025,100,98264,GMT+8
ticks,1499173419849000000,i1709,4700,4700,740,4695,1030,1044,99308,GMT+8
ticks,1499173420433000000,i1709,4700,4700,563,4695,1046,470,99778,GMT+8
ticks,1499173420900000000,i1709,4695,4700,748,4695,1045,66,99844,GMT+8
ticks,1499173421448000000,i1709,4695,4700,761,4695,1043,24,99868,GMT+8
ticks,1499173421939000000,i1709,4700,4700,670,4695,1040,252,100120,GMT+8
ticks,1499173422447000000,i1709,4700,4700,662,4695,1039,44,100164,GMT+8
ticks,1499173422930000000,i1709,4695,4700,665,4695,998,6,100170,GMT+8
ticks,1499173423450000000,i1709,4695,4700,666,4695,936,8,100178,GMT+8
ticks,1499173423891000000,i1709,4700,4700,653,4695,943,28,100206,GMT+8
ticks,1499173424418000000,i1709,4700,4700,654,4695,977,10,100216,GMT+8
ticks,1499173424950000000,i1709,4700,4700,664,4695,974,18,100234,GMT+8
ticks,1499173425449000000,i1709,4700,4705,1374,4700,144,1354,101588,GMT+8
ticks,1499173425926000000,i1709,4705,4705,1373,4700,383,60,101648,GMT+8
ticks,1499173426435000000,i1709,4700,4705,1372,4700,574,18,101666,GMT+8
ticks,1499173426938000000,i1709,4700,4705,1301,4700,515,174,101840,GMT+8
ticks,1499173427448000000,i1709,4700,4705,1308,4700,468,98,101938,GMT+8
ticks,1499173427925000000,i1709,4705,4705,1318,4700,443,54,101992,GMT+8
ticks,1499173428444000000,i1709,4705,4705,1304,4700,433,40,102032,GMT+8
ticks,1499173428946000000,i1709,4700,4705,1305,4700,441,30,102062,GMT+8
ticks,1499173429412000000,i1709,4705,4705,1276,4700,329,84,102146,GMT+8
ticks,1499173429904000000,i1709,4700,4700,342,4695,993,478,102624,GMT+8
ticks,1499173430419000000,i1709,4700,4700,452,4695,933,6,102630,GMT+8
ticks,1499173430951000000,i1709,4700,4700,703,4695,933,18,102648,GMT+8
ticks,1499173431444000000,i1709,4695,4700,810,4695,899,16,102664,GMT+8
ticks,1499173431949000000,i1709,4700,4700,820,4695,909,8,102672,GMT+8
ticks,1499173432416000000,i1709,4695,4700,822,4695,902,54,102726,GMT+8
ticks,1499173432949000000,i1709,4695,4700,861,4695,915,8,102734,GMT+8
ticks,1499173433392000000,i1709,4700,4700,855,4695,913,24,102758,GMT+8
ticks,1499173433947000000,i1709,4700,4700,868,4695,960,22,102780,GMT+8
ticks,1499173434408000000,i1709,4700,4700,866,4695,962,14,102794,GMT+8
ticks,1499173434945000000,i1709,4695,4700,872,4695,934,64,102858,GMT+8
ticks,1499173435450000000,i1709,4700,4700,863,4695,914,76,102934,GMT+8
ticks,1499173435942000000,i1709,4700,4700,871,4695,861,64,102998,GMT+8
ticks,1499173436416000000,i1709,4700,4700,868,4695,750,250,103248,GMT+8
ticks,1499173436951000000,i1709,4700,4700,862,4695,761,16,103264,GMT+8
ticks,1499173437429000000,i1709,4700,4700,877,4695,939,22,103286,GMT+8
ticks,1499173437951000000,i1709,4695,4700,888,4695,946,18,103304,GMT+8
ticks,1499173438424000000,i1709,4700,4700,884,4695,954,14,103318,GMT+8
ticks,1499173438948000000,i1709,4700,4700,897,4695,955,4,103322,GMT+8
ticks,1499173439423000000,i1709,4700,4700,997,4695,941,8,103330,GMT+8
ticks,1499173439912000000,i1709,4700,4700,1016,4695,936,30,103360,GMT+8
ticks,1499173440396000000,i1709,4695,4700,1017,4695,935,4,103364,GMT+8
ticks,1499173440903000000,i1709,4700,4700,1017,4695,942,6,103370,GMT+8
ticks,1499173441444000000,i1709,4695,4700,1021,4695,847,64,103434,GMT+8
ticks,1499173441874000000,i1709,4695,4700,1028,4695,843,10,103444,GMT+8
ticks,1499173442420000000,i1709,4700,4700,1040,4695,818,62,103506,GMT+8
ticks,1499173442944000000,i1709,4700,4700,1133,4695,821,24,103530,GMT+8
ticks,1499173443443000000,i1709,4695,4700,1159,4695,851,46,103576,GMT+8
ticks,1499173443947000000,i1709,4700,4700,1170,4695,854,6,103582,GMT+8
ticks,1499173444395000000,i1709,4700,4700,1168,4695,892,2,103584,GMT+8
ticks,1499173444932000000,i1709,4695,4700,1172,4695,889,8,103592,GMT+8
ticks,1499173445407000000,i1709,4700,4700,1126,4695,886,4,103596,GMT+8
ticks,1499173445946000000,i1709,4700,4700,1099,4695,870,44,103640,GMT+8
ticks,1499173446391000000,i1709,4700,4700,1127,4695,865,20,103660,GMT+8
ticks,1499173446938000000,i1709,4700,4700,1124,4695,862,8,103668,GMT+8
ticks,1499173447448000000,i1709,4695,4700,1125,4695,856,12,103680,GMT+8
ticks,1499173447942000000,i1709,4695,4700,1251,4695,827,70,103750,GMT+8
ticks,1499173448446000000,i1709,4695,4695,89,4690,1476,1656,105406,GMT+8
ticks,1499173448936000000,i1709,4695,4695,262,4690,1531,12,105418,GMT+8
ticks,1499173449438000000,i1709,4695,4695,247,4690,1524,40,105458,GMT+8
ticks,1499173449922000000,i1709,4695,4695,244,4690,1523,10,105468,GMT+8
ticks,1499173450446000000,i1709,4695,4700,1523,4695,893,472,105940,GMT+8
ticks,1499173450886000000,i1709,4700,4700,1532,4695,1031,2,105942,GMT+8
ticks,1499173451447000000,i1709,4695,4700,1508,4695,1029,6,105948,GMT+8
ticks,1499173451948000000,i1709,4695,4700,1492,4695,1575,110,106058,GMT+8
ticks,1499173452403000000,i1709,4695,4700,1492,4695,1577,6,106064,GMT+8
ticks,1499173452948000000,i1709,4700,4700,1493,4695,1567,8,106072,GMT+8
ticks,1499173453428000000,i1709,4695,4700,1487,4695,1568,4,106076,GMT+8
ticks,1499173453878000000,i1709,4695,4700,1488,4695,1562,4,106080,GMT+8
ticks,1499173454413000000,i1709,4695,4700,1403,4695,1564,4,106084,GMT+8
ticks,1499173454949000000,i1709,4695,4700,1340,4695,1485,194,106278,GMT+8
ticks,1499173455442000000,i1709,4695,4700,1310,4695,1535,10,106288,GMT+8
ticks,1499173455950000000,i1709,4700,4700,1529,4695,1538,2,106290,GMT+8
ticks,1499173456448000000,i1709,4700,4700,1411,4695,1538,254,106544,GMT+8
ticks,1499173456936000000,i1709,4695,4700,1083,4695,1378,478,107022,GMT+8
ticks,1499173457425000000,i1709,4700,4700,1083,4695,1378,6,107028,GMT+8
ticks,1499173457934000000,i1709,4700,4700,1086,4695,1391,18,107046,GMT+8
ticks,1499173458405000000,i1709,4695,4700,1098,4695,1482,66,107112,GMT+8
ticks,1499173458926000000,i1709,4700,4700,1121,4695,1501,2,107114,GMT+8
ticks,1499173459450000000,i1709,4695,4700,1123,4695,1492,20,107134,GMT+8
ticks,1499173459891000000,i1709,4695,4700,1113,4695,1490,28,107162,GMT+8
ticks,1499173460426000000,i1709,4700,4700,1096,4695,1473,38,107200,GMT+8
ticks,1499173460945000000,i1709,4695,4700,1094,4695,1479,20,107220,GMT+8
ticks,1499173461439000000,i1709,4700,4700,1093,4695,1518,8,107228,GMT+8
ticks,1499173461948000000,i1709,4700,4700,821,4695,1287,664,107892,GMT+8
ticks,1499173462418000000,i1709,4695,4700,791,4695,1290,114,108006,GMT+8
ticks,1499173462931000000,i1709,4700,4700,739,4695,1280,136,108142,GMT+8
ticks,1499173463445000000,i1709,4700,4700,718,4695,1282,44,108186,GMT+8
ticks,1499173463939000000,i1709,4700,4705,1619,4700,708,1488,109674,GMT+8
ticks,1499173464402000000,i1709,4700,4705,1618,4700,877,12,109686,GMT+8
ticks,1499173464877000000,i1709,4700,4705,1613,4700,973,74,109760,GMT+8
ticks,1499173465440000000,i1709,4700,4705,1618,4700,965,24,109784,GMT+8
ticks,1499173465921000000,i1709,4700,4705,1724,4700,948,46,109830,GMT+8
ticks,1499173466444000000,i1709,4700,4705,1722,4700,895,6,109836,GMT+8
ticks,1499173466909000000,i1709,4705,4705,1751,4700,939,6,109842,GMT+8
ticks,1499173467436000000,i1709,4700,4705,1755,4700,912,58,109900,GMT+8
ticks,1499173467928000000,i1709,4700,4705,1754,4700,884,58,109958,GMT+8
ticks,1499173468378000000,i1709,4700,4705,1726,4700,896,146,110104,GMT+8
ticks,1499173468925000000,i1709,4700,4705,1727,4700,693,176,110280,GMT+8
ticks,1499173469414000000,i1709,4700,4705,1749,4700,134,2196,112476,GMT+8
ticks,1499173469924000000,i1709,4700,4700,24,4695,1510,278,112754,GMT+8
ticks,1499173470448000000,i1709,4695,4700,54,4695,747,1662,114416,GMT+8
ticks,1499173470941000000,i1709,4700,4700,278,4695,978,126,114542,GMT+8
ticks,1499173471415000000,i1709,4700,4700,446,4695,1101,16,114558,GMT+8
ticks,1499173471885000000,i1709,4700,4700,775,4695,1133,22,114580,GMT+8
ticks,1499173472408000000,i1709,4700,4700,826,4695,1137,4,114584,GMT+8
ticks,1499173472888000000,i1709,4700,4700,823,4695,1137,6,114590,GMT+8
ticks,1499173473414000000,i1709,4700,4700,843,4695,1137,44,114634,GMT+8
ticks,1499173473884000000,i1709,4700,4700,847,4695,1137,2,114636,GMT+8
ticks,1499173474448000000,i1709,4700,4700,801,4695,1132,122,114758,GMT+8
ticks,1499173474945000000,i1709,4700,4700,813,4695,1133,4,114762,GMT+8
ticks,1499173475436000000,i1709,4695,4700,801,4695,1172,44,114806,GMT+8
ticks,1499173475951000000,i1709,4700,4700,785,4695,1167,38,114844,GMT+8
ticks,1499173476446000000,i1709,4700,4700,804,4695,1174,6,114850,GMT+8
ticks,1499173476939000000,i1709,4700,4700,814,4695,1192,8,114858,GMT+8
ticks,1499173477288000000,i1709,4700,4700,911,4695,1183,18,114876,GMT+8
ticks,1499173477889000000,i1709,4700,4700,912,4695,909,42,114918,GMT+8
ticks,1499173478445000000,i1709,4700,4700,930,4695,913,96,115014,GMT+8
ticks,1499173478925000000,i1709,4700,4700,955,4695,910,2,115016,GMT+8
ticks,1499173479450000000,i1709,4700,4700,938,4695,896,72,115088,GMT+8
ticks,1499173479933000000,i1709,4700,4700,938,4695,880,12,115100,GMT+8
ticks,1499173480431000000,i1709,4700,4700,942,4695,877,16,115116,GMT+8
ticks,1499173480863000000,i1709,4695,4700,954,4695,858,60,115176,GMT+8
ticks,1499173481430000000,i1709,4695,4700,986,4695,854,6,115182,GMT+8
ticks,1499173481912000000,i1709,4695,4700,993,4695,855,8,115190,GMT+8
ticks,1499173482435000000,i1709,4695,4700,1006,4695,857,2,115192,GMT+8
ticks,1499173482946000000,i1709,4700,4700,1009,4695,853,10,115202,GMT+8
ticks,1499173483401000000,i1709,4700,4700,1005,4695,853,16,115218,GMT+8
ticks,1499173483896000000,i1709,4695,4700,1023,4695,853,8,115226,GMT+8
ticks,1499173484447000000,i1709,4700,4700,1037,4695,1114,60,115286,GMT+8
ticks,1499173484909000000,i1709,4695,4700,1047,4695,1112,14,115300,GMT+8
ticks,1499173485448000000,i1709,4695,4700,1054,4695,1109,38,115338,GMT+8
ticks,1499173485949000000,i1709,4700,4700,1062,4695,1144,8,115346,GMT+8
ticks,1499173486432000000,i1709,4700,4700,1061,4695,1158,8,115354,GMT+8
ticks,1499173486866000000,i1709,4700,4700,1064,4695,1158,10,115364,GMT+8
ticks,1499173487440000000,i1709,4700,4700,1059,4695,1156,16,115380,GMT+8
ticks,1499173487909000000,i1709,4700,4700,1075,4695,1157,8,115388,GMT+8
ticks,1499173488389000000,i1709,4700,4700,1076,4695,1152,10,115398,GMT+8
ticks,1499173488949000000,i1709,4695,4700,1086,4695,1151,8,115406,GMT+8
ticks,1499173489445000000,i1709,4695,4700,1087,4695,1140,2,115408,GMT+8
ticks,1499173489918000000,i1709,4700,4700,1108,4695,1142,4,115412,GMT+8
ticks,1499173490444000000,i1709,4695,4700,1203,4695,1115,30,115442,GMT+8
ticks,1499173490944000000,i1709,4700,4700,1204,4695,1116,6,115448,GMT+8
ticks,1499173491419000000,i1709,4700,4700,2224,4695,1014,8,115456,GMT+8
ticks,1499173491930000000,i1709,4695,4700,2223,4695,1015,8,115464,GMT+8
ticks,1499173492416000000,i1709,4700,4700,2216,4695,1016,18,115482,GMT+8
ticks,1499173492885000000,i1709,4695,4700,2206,4695,981,70,115552,GMT+8
ticks,1499173493449000000,i1709,4700,4700,2196,4695,967,26,115578,GMT+8
ticks,1499173493925000000,i1709,4695,4700,2199,4695,818,324,115902,GMT+8
ticks,1499173494451000000,i1709,4695,4700,2109,4695,803,268,116170,GMT+8
ticks,1499173494946000000,i1709,4695,4700,2177,4695,740,128,116298,GMT+8
ticks,1499173495452000000,i1709,4695,4700,2176,4695,744,16,116314,GMT+8
ticks,1499173495913000000,i1709,4695,4700,2302,4695,745,18,116332,GMT+8
ticks,1499173496390000000,i1709,4695,4700,2290,4695,743,72,116404,GMT+8
ticks,1499173496910000000,i1709,4695,4700,2303,4695,659,178,116582,GMT+8
ticks,1499173497439000000,i1709,4695,4700,2306,4695,667,52,116634,GMT+8
ticks,1499173497922000000,i1709,4695,4700,2246,4695,668,12,116646,GMT+8
ticks,1499173498438000000,i1709,4700,4700,2729,4695,661,54,116700,GMT+8
ticks,1499173498896000000,i1709,4695,4700,2728,4695,661,10,116710,GMT+8
ticks,1499173499450000000,i1709,4695,4700,2742,4695,663,126,116836,GMT+8
ticks,1499173499938000000,i1709,4695,4700,2727,4695,647,42,116878,GMT+8
ticks,1499173500408000000,i1709,4695,4700,3178,4695,588,126,117004,GMT+8
ticks,1499173500952000000,i1709,4700,4700,3189,4695,671,8,117012,GMT+8
ticks,1499173501414000000,i1709,4695,4700,3111,4695,638,72,117084,GMT+8
ticks,1499173501891000000,i1709,4695,4700,3144,4695,773,20,117104,GMT+8
ticks,1499173502442000000,i1709,4700,4700,3087,4695,847,148,117252,GMT+8
ticks,1499173502949000000,i1709,4695,4700,1792,4695,963,2628,119880,GMT+8
ticks,1499173503446000000,i1709,4700,4700,1793,4695,1025,80,119960,GMT+8
ticks,1499173503945000000,i1709,4695,4700,1876,4695,1048,124,120084,GMT+8
ticks,1499173504440000000,i1709,4700,4700,1889,4695,984,126,120210,GMT+8
ticks,1499173504927000000,i1709,4700,4700,1869,4695,1283,56,120266,GMT+8
ticks,1499173505396000000,i1709,4700,4700,1864,4695,1229,12,120278,GMT+8
ticks,1499173505938000000,i1709,4695,4700,1864,4695,1214,12,120290,GMT+8
ticks,1499173506451000000,i1709,4695,4700,1862,4695,1274,0,120290,GMT+8
ticks,1499173506951000000,i1709,4695,4700,1861,4695,1269,12,120302,GMT+8
ticks,1499173507267000000,i1709,4695,4700,1865,4695,1278,16,120318,GMT+8
ticks,1499173507952000000,i1709,4695,4700,1857,4695,1269,32,120350,GMT+8
ticks,1499173508451000000,i1709,4700,4700,1851,4695,1267,24,120374,GMT+8
ticks,1499173508946000000,i1709,4700,4700,1849,4695,1288,14,120388,GMT+8
ticks,1499173509417000000,i1709,4695,4700,1846,4695,1290,12,120400,GMT+8
ticks,1499173509911000000,i1709,4695,4700,1852,4695,1305,2,120402,GMT+8
ticks,1499173510442000000,i1709,4700,4700,541,4695,1328,2692,123094,GMT+8
ticks,1499173510946000000,i1709,4700,4705,1902,4700,274,1108,124202,GMT+8
ticks,1499173511448000000,i1709,4705,4705,1754,4700,1429,134,124336,GMT+8
ticks,1499173511927000000,i1709,4700,4705,1746,4700,1412,52,124388,GMT+8
ticks,1499173512427000000,i1709,4705,4705,1742,4700,1416,12,124400,GMT+8
ticks,1499173512942000000,i1709,4700,4705,1733,4700,926,1032,125432,GMT+8
ticks,1499173513421000000,i1709,4705,4705,1728,4700,945,10,125442,GMT+8
ticks,1499173513949000000,i1709,4700,4705,1582,4700,963,304,125746,GMT+8
ticks,1499173514436000000,i1709,4705,4705,1594,4700,967,6,125752,GMT+8
ticks,1499173514943000000,i1709,4700,4705,1588,4700,969,16,125768,GMT+8
ticks,1499173515407000000,i1709,4705,4705,1562,4700,937,114,125882,GMT+8
ticks,1499173515912000000,i1709,4700,4705,1560,4700,930,16,125898,GMT+8
ticks,1499173516439000000,i1709,4705,4705,1557,4700,910,44,125942,GMT+8
ticks,1499173516896000000,i1709,4705,4705,1556,4700,909,6,125948,GMT+8
ticks,1499173517423000000,i1709,4700,4705,1545,4700,1353,42,125990,GMT+8
ticks,1499173517948000000,i1709,4705,4705,1584,4700,1326,102,126092,GMT+8
ticks,1499173518433000000,i1709,4705,4705,1571,4700,1375,22,126114,GMT+8
ticks,1499173518946000000,i1709,4705,4705,1369,4700,1345,430,126544,GMT+8
ticks,1499173519452000000,i1709,4700,4705,1343,4700,1354,72,126616,GMT+8
ticks,1499173519933000000,i1709,4705,4705,1243,4700,1254,206,126822,GMT+8
ticks,1499173520447000000,i1709,4705,4705,1240,4700,1254,8,126830,GMT+8
ticks,1499173520912000000,i1709,4705,4705,1243,4700,1258,14,126844,GMT+8
ticks,1499173521430000000,i1709,4705,4705,1235,4700,1269,18,126862,GMT+8
ticks,1499173521934000000,i1709,4705,4705,1227,4700,1264,26,126888,GMT+8
ticks,1499173522442000000,i1709,4705,4705,1176,4700,1222,106,126994,GMT+8
ticks,1499173522938000000,i1709,4705,4705,1180,4700,1219,22,127016,GMT+8
ticks,1499173523415000000,i1709,4705,4705,1176,4700,1220,28,127044,GMT+8
ticks,1499173523938000000,i1709,4705,4705,1999,4700,1222,10,127054,GMT+8
ticks,1499173524406000000,i1709,4705,4705,2000,4700,1221,4,127058,GMT+8
ticks,1499173524930000000,i1709,4705,4705,1890,4700,962,220,127278,GMT+8
ticks,1499173525376000000,i1709,4705,4705,1864,4700,997,56,127334,GMT+8
ticks,1499173525935000000,i1709,4705,4705,1863,4700,990,2,127336,GMT+8
ticks,1499173526404000000,i1709,4705,4705,1855,4700,987,22,127358,GMT+8
ticks,1499173526951000000,i1709,4705,4705,1852,4700,1110,6,127364,GMT+8
ticks,1499173527429000000,i1709,4705,4705,1871,4700,1138,22,127386,GMT+8
ticks,1499173527920000000,i1709,4700,4705,1788,4700,1128,234,127620,GMT+8
ticks,1499173528443000000,i1709,4705,4705,1769,4700,1241,66,127686,GMT+8
ticks,1499173528940000000,i1709,4700,4705,1761,4700,1284,48,127734,GMT+8
ticks,1499173529433000000,i1709,4705,4705,1753,4700,1307,16,127750,GMT+8
ticks,1499173529934000000,i1709,4705,4705,1750,4700,1314,12,127762,GMT+8
ticks,1499173530427000000,i1709,4705,4705,1746,4700,1379,10,127772,GMT+8
ticks,1499173530783000000,i1709,4705,4705,1747,4700,1379,10,127782,GMT+8
ticks,1499173531402000000,i1709,4705,4705,1731,4700,1380,42,127824,GMT+8
ticks,1499173531891000000,i1709,4705,4705,1727,4700,1364,8,127832,GMT+8
ticks,1499173532401000000,i1709,4705,4705,1725,4700,1367,6,127838,GMT+8
ticks,1499173532899000000,i1709,4700,4705,1718,4700,1364,8,127846,GMT+8
ticks,1499173533346000000,i1709,4705,4705,1711,4700,1371,20,127866,GMT+8
ticks,1499173533903000000,i1709,4705,4705,1708,4700,1371,10,127876,GMT+8
ticks,1499173534393000000,i1709,4705,4705,1658,4700,1359,126,128002,GMT+8
ticks,1499173534928000000,i1709,4705,4705,1616,4700,1346,90,128092,GMT+8
ticks,1499173535383000000,i1709,4700,4705,1672,4700,1356,4,128096,GMT+8
ticks,1499173535935000000,i1709,4705,4705,1657,4700,1364,32,128128,GMT+8
ticks,1499173536426000000,i1709,4705,4705,1578,4700,1377,160,128288,GMT+8
ticks,1499173536878000000,i1709,4705,4705,1561,4700,1380,38,128326,GMT+8
ticks,1499173537448000000,i1709,4705,4705,1454,4700,1383,216,128542,GMT+8
ticks,1499173537941000000,i1709,4705,4705,1435,4700,1380,38,128580,GMT+8
ticks,1499173538407000000,i1709,4705,4705,1434,4700,1381,6,128586,GMT+8
ticks,1499173538930000000,i1709,4705,4705,1434,4700,1377,4,128590,GMT+8
ticks,1499173539424000000,i1709,4705,4705,1254,4700,1382,370,128960,GMT+8
ticks,1499173539921000000,i1709,4705,4705,1227,4700,1392,58,129018,GMT+8
ticks,1499173540443000000,i1709,4705,4705,1228,4700,1495,8,129026,GMT+8
ticks,1499173540872000000,i1709,4705,4705,1222,4700,1437,16,129042,GMT+8
ticks,1499173541448000000,i1709,4705,4705,1171,4700,1437,50,129092,GMT+8
ticks,1499173541933000000,i1709,4705,4705,1156,4700,1435,52,129144,GMT+8
ticks,1499173542437000000,i1709,4705,4705,1145,4700,1500,24,129168,GMT+8
ticks,1499173542928000000,i1709,4705,4705,1132,4700,1496,28,129196,GMT+8
ticks,1499173543427000000,i1709,4705,4705,1114,4700,1502,36,129232,GMT+8
ticks,1499173543928000000,i1709,4705,4705,1103,4700,1565,54,129286,GMT+8
ticks,1499173544436000000,i1709,4705,4705,1078,4700,1579,56,129342,GMT+8
ticks,1499173544928000000,i1709,4705,4705,1066,4700,1573,30,129372,GMT+8
ticks,1499173545421000000,i1709,4705,4705,1058,4700,1577,16,129388,GMT+8
ticks,1499173545775000000,i1709,4705,4705,1037,4700,1575,46,129434,GMT+8
ticks,1499173546420000000,i1709,4705,4705,1031,4700,1620,20,129454,GMT+8
ticks,1499173546905000000,i1709,4705,4705,1026,4700,1633,30,129484,GMT+8
ticks,1499173547424000000,i1709,4705,4705,1041,4700,1757,74,129558,GMT+8
ticks,1499173547925000000,i1709,4705,4705,1040,4700,1770,8,129566,GMT+8
ticks,1499173548420000000,i1709,4700,4705,962,4700,1796,158,129724,GMT+8
ticks,1499173548948000000,i1709,4705,4705,682,4700,1794,742,130466,GMT+8
ticks,1499173549421000000,i1709,4705,4710,2322,4705,182,1266,131732,GMT+8
ticks,1499173549950000000,i1709,4705,4710,2356,4705,1175,20,131752,GMT+8
ticks,1499173550451000000,i1709,4710,4710,2266,4705,1472,186,131938,GMT+8
ticks,1499173550941000000,i1709,4705,4710,2095,4705,1577,404,132342,GMT+8
ticks,1499173551430000000,i1709,4705,4710,2065,4705,1627,96,132438,GMT+8
ticks,1499173551897000000,i1709,4710,4710,2072,4705,1642,10,132448,GMT+8
ticks,1499173552424000000,i1709,4705,4710,2074,4705,1653,2,132450,GMT+8
ticks,1499173552904000000,i1709,4710,4710,2072,4705,1655,10,132460,GMT+8
ticks,1499173553379000000,i1709,4705,4710,2072,4705,1669,2,132462,GMT+8
ticks,1499173553915000000,i1709,4705,4710,2075,4705,1402,318,132780,GMT+8
ticks,1499173554440000000,i1709,4705,4705,1585,4700,1365,3176,135956,GMT+8
ticks,1499173554950000000,i1709,4705,4705,2077,4700,1358,302,136258,GMT+8
ticks,1499173555408000000,i1709,4705,4705,2385,4700,1217,306,136564,GMT+8
ticks,1499173555932000000,i1709,4705,4705,2370,4700,1217,34,136598,GMT+8
ticks,1499173556410000000,i1709,4705,4705,2171,4700,1167,264,136862,GMT+8
ticks,1499173556931000000,i1709,4705,4705,2131,4700,1263,86,136948,GMT+8
ticks,1499173557444000000,i1709,4705,4705,1954,4700,1269,354,137302,GMT+8
ticks,1499173557923000000,i1709,4705,4705,1902,4700,1286,176,137478,GMT+8
ticks,1499173558440000000,i1709,4705,4705,1853,4700,1314,40,137518,GMT+8
ticks,1499173558942000000,i1709,4705,4705,1838,4700,1300,92,137610,GMT+8
ticks,1499173559442000000,i1709,4705,4705,1840,4700,1326,28,137638,GMT+8
ticks,1499173559917000000,i1709,4705,4705,1837,4700,1328,10,137648,GMT+8
ticks,1499173560450000000,i1709,4705,4705,1840,4700,1331,8,137656,GMT+8
ticks,1499173560923000000,i1709,4705,4705,1781,4700,1321,168,137824,GMT+8
ticks,1499173561410000000,i1709,4705,4705,1779,4700,1328,8,137832,GMT+8
ticks,1499173561938000000,i1709,4705,4710,2101,4705,695,3612,141444,GMT+8
ticks,1499173562450000000,i1709,4710,4710,2092,4705,682,10,141454,GMT+8
ticks,1499173562900000000,i1709,4705,4710,2120,4705,639,48,141502,GMT+8
ticks,1499173563439000000,i1709,4710,4710,2141,4705,759,124,141626,GMT+8
ticks,1499173563920000000,i1709,4705,4710,2159,4705,510,500,142126,GMT+8
ticks,1499173564441000000,i1709,4705,4710,2165,4705,468,152,142278,GMT+8
ticks,1499173564923000000,i1709,4710,4710,2164,4705,301,36,142314,GMT+8
ticks,1499173565449000000,i1709,4705,4705,190,4700,1386,850,143164,GMT+8
ticks,1499173565942000000,i1709,4705,4705,262,4700,1369,46,143210,GMT+8
ticks,1499173566399000000,i1709,4705,4705,291,4700,1372,56,143266,GMT+8
ticks,1499173566939000000,i1709,4705,4705,166,4700,1408,258,143524,GMT+8
ticks,1499173567410000000,i1709,4705,4710,2175,4705,202,528,144052,GMT+8
ticks,1499173567914000000,i1709,4705,4710,2175,4705,285,38,144090,GMT+8
ticks,1499173568450000000,i1709,4705,4710,2176,4705,211,210,144300,GMT+8
ticks,1499173568940000000,i1709,4705,4710,2173,4705,210,60,144360,GMT+8
ticks,1499173569442000000,i1709,4705,4710,2175,4705,217,40,144400,GMT+8
ticks,1499173569907000000,i1709,4705,4710,2170,4705,239,28,144428,GMT+8
ticks,1499173570429000000,i1709,4710,4710,2168,4705,219,42,144470,GMT+8
ticks,1499173570926000000,i1709,4705,4710,2167,4705,208,58,144528,GMT+8
ticks,1499173571439000000,i1709,4710,4710,2169,4705,226,14,144542,GMT+8
ticks,1499173571946000000,i1709,4705,4710,2169,4705,226,4,144546,GMT+8
ticks,1499173572396000000,i1709,4710,4710,2170,4705,237,6,144552,GMT+8
ticks,1499173572950000000,i1709,4705,4710,2178,4705,234,18,144570,GMT+8
ticks,1499173573437000000,i1709,4710,4710,2174,4705,229,22,144592,GMT+8
ticks,1499173573911000000,i1709,4705,4710,2171,4705,223,26,144618,GMT+8
ticks,1499173574414000000,i1709,4705,4710,2153,4705,226,84,144702,GMT+8
ticks,1499173574874000000,i1709,4705,4710,2153,4705,222,8,144710,GMT+8
ticks,1499173575450000000,i1709,4705,4710,2144,4705,234,38,144748,GMT+8
ticks,1499173575952000000,i1709,4710,4710,2134,4705,347,24,144772,GMT+8
ticks,1499173576447000000,i1709,4710,4710,2035,4705,337,298,145070,GMT+8
ticks,1499173576906000000,i1709,4710,4710,2065,4705,384,28,145098,GMT+8
ticks,1499173577387000000,i1709,4705,4710,2060,4705,389,38,145136,GMT+8
ticks,1499173577914000000,i1709,4710,4710,2048,4705,412,56,145192,GMT+8
ticks,1499173578423000000,i1709,4710,4710,2049,4705,407,12,145204,GMT+8
ticks,1499173578925000000,i1709,4710,4710,2044,4705,417,16,145220,GMT+8
ticks,1499173579422000000,i1709,4710,4710,2041,4705,420,6,145226,GMT+8
ticks,1499173579951000000,i1709,4705,4710,2032,4705,595,44,145270,GMT+8
ticks,1499173580451000000,i1709,4705,4710,2029,4705,296,610,145880,GMT+8
ticks,1499173580951000000,i1709,4710,4710,2018,4705,287,168,146048,GMT+8
ticks,1499173581432000000,i1709,4710,4710,2010,4705,389,24,146072,GMT+8
ticks,1499173581917000000,i1709,4705,4710,1980,4705,400,98,146170,GMT+8
ticks,1499173582438000000,i1709,4710,4710,1974,4705,473,114,146284,GMT+8
ticks,1499173582947000000,i1709,4710,4710,1979,4705,477,2,146286,GMT+8
ticks,1499173583450000000,i1709,4710,4710,1977,4705,465,38,146324,GMT+8
ticks,1499173583855000000,i1709,4705,4710,1974,4705,527,34,146358,GMT+8
ticks,1499173584448000000,i1709,4705,4710,1977,4705,526,6,146364,GMT+8
ticks,1499173584946000000,i1709,4710,4710,1934,4705,570,98,146462,GMT+8
ticks,1499173585420000000,i1709,4710,4710,1929,4705,588,30,146492,GMT+8
ticks,1499173585914000000,i1709,4710,4710,1921,4705,670,22,146514,GMT+8
ticks,1499173586431000000,i1709,4710,4710,1915,4705,665,32,146546,GMT+8
ticks,1499173586934000000,i1709,4710,4710,1898,4705,670,38,146584,GMT+8
ticks,1499173587422000000,i1709,4710,4710,1888,4705,690,34,146618,GMT+8
ticks,1499173587951000000,i1709,4705,4710,1931,4705,691,48,146666,GMT+8
ticks,1499173588436000000,i1709,4710,4710,1919,4705,691,26,146692,GMT+8
ticks,1499173588880000000,i1709,4710,4710,1915,4705,691,10,146702,GMT+8
ticks,1499173589404000000,i1709,4710,4710,1910,4705,664,38,146740,GMT+8
ticks,1499173589856000000,i1709,4710,4710,1910,4705,661,0,146740,GMT+8
ticks,1499173590412000000,i1709,4705,4710,1909,4705,660,8,146748,GMT+8
ticks,1499173590934000000,i1709,4710,4710,1960,4705,669,14,146762,GMT+8
ticks,1499173591441000000,i1709,4710,4710,1963,4705,695,2,146764,GMT+8
ticks,1499173591941000000,i1709,4705,4710,1956,4705,677,64,146828,GMT+8
ticks,1499173592452000000,i1709,4710,4710,1957,4705,677,6,146834,GMT+8
ticks,1499173592944000000,i1709,4705,4710,1858,4705,669,228,147062,GMT+8
ticks,1499173593410000000,i1709,4710,4710,1767,4705,667,218,147280,GMT+8
ticks,1499173593888000000,i1709,4710,4710,1767,4705,672,0,147280,GMT+8
ticks,1499173594418000000,i1709,4710,4710,1686,4705,674,208,147488,GMT+8
ticks,1499173594949000000,i1709,4710,4710,1594,4705,696,226,147714,GMT+8
ticks,1499173595447000000,i1709,4705,4710,1593,4705,699,10,147724,GMT+8
ticks,1499173595883000000,i1709,4710,4710,1471,4705,701,244,147968,GMT+8
ticks,1499173596445000000,i1709,4710,4710,1474,4705,696,24,147992,GMT+8
ticks,1499173596931000000,i1709,4710,4710,1449,4705,692,222,148214,GMT+8
ticks,1499173597393000000,i1709,4705,4710,1486,4705,697,4,148218,GMT+8
ticks,1499173597931000000,i1709,4710,4710,1492,4705,696,16,148234,GMT+8
ticks,1499173598443000000,i1709,4710,4710,1409,4705,798,168,148402,GMT+8
ticks,1499173598891000000,i1709,4705,4710,1409,4705,795,10,148412,GMT+8
ticks,1499173599330000000,i1709,4705,4710,1407,4705,793,10,148422,GMT+8
ticks,1499173599897000000,i1709,4710,4710,1407,4705,772,48,148470,GMT+8
ticks,1499173600388000000,i1709,4710,4710,1366,4705,775,8,148478,GMT+8
ticks,1499173600942000000,i1709,4710,4710,1366,4705,776,12,148490,GMT+8
ticks,1499173601392000000,i1709,4710,4710,1363,4705,782,6,148496,GMT+8
ticks,1499173601899000000,i1709,4705,4710,1171,4705,796,406,148902,GMT+8
ticks,1499173602440000000,i1709,4710,4710,1034,4705,806,164,149066,GMT+8
ticks,1499173602946000000,i1709,4710,4710,1036,4705,901,52,149118,GMT+8
ticks,1499173603442000000,i1709,4705,4710,1032,4705,895,46,149164,GMT+8
ticks,1499173603921000000,i1709,4710,4710,1091,4705,906,4,149168,GMT+8
ticks,1499173604372000000,i1709,4710,4710,1094,4705,909,20,149188,GMT+8
ticks,1499173604947000000,i1709,4710,4710,1067,4705,909,90,149278,GMT+8
ticks,1499173605406000000,i1709,4710,4710,1121,4705,905,12,149290,GMT+8
ticks,1499173605936000000,i1709,4710,4710,1163,4705,910,2,149292,GMT+8
ticks,1499173606435000000,i1709,4710,4710,1168,4705,955,4,149296,GMT+8
ticks,1499173606932000000,i1709,4705,4710,1211,4705,967,16,149312,GMT+8
ticks,1499173607417000000,i1709,4710,4710,1216,4705,968,6,149318,GMT+8
ticks,1499173607879000000,i1709,4705,4710,1222,4705,946,82,149400,GMT+8
ticks,1499173608422000000,i1709,4710,4710,1219,4705,957,8,149408,GMT+8
ticks,1499173608933000000,i1709,4710,4710,1213,4705,956,28,149436,GMT+8
ticks,1499173609452000000,i1709,4710,4710,1184,4705,955,70,149506,GMT+8
ticks,1499173609881000000,i1709,4705,4710,1178,4705,933,74,149580,GMT+8
ticks,1499173610413000000,i1709,4710,4710,1171,4705,933,16,149596,GMT+8
ticks,1499173610930000000,i1709,4710,4710,1043,4705,936,272,149868,GMT+8
ticks,1499173611450000000,i1709,4710,4710,1052,4705,941,2,149870,GMT+8
ticks,1499173611948000000,i1709,4710,4710,1053,4705,943,0,149870,GMT+8
ticks,1499173612430000000,i1709,4710,4710,1049,4705,886,12,149882,GMT+8
ticks,1499173612936000000,i1709,4710,4710,1054,4705,886,0,149882,GMT+8
ticks,1499173613413000000,i1709,4710,4710,1053,4705,880,12,149894,GMT+8
ticks,1499173613907000000,i1709,4705,4710,1070,4705,875,46,149940,GMT+8
ticks,1499173614419000000,i1709,4710,4710,1065,4705,887,14,149954,GMT+8
ticks,1499173614920000000,i1709,4710,4710,1032,4705,889,82,150036,GMT+8
ticks,1499173615434000000,i1709,4710,4710,1015,4705,993,80,150116,GMT+8
ticks,1499173615926000000,i1709,4710,4710,928,4705,1009,180,150296,GMT+8
ticks,1499173616414000000,i1709,4705,4710,923,4705,1011,12,150308,GMT+8
ticks,1499173616932000000,i1709,4710,4710,919,4705,1020,14,150322,GMT+8
ticks,1499173617369000000,i1709,4710,4710,943,4705,1065,24,150346,GMT+8
ticks,1499173617876000000,i1709,4710,4710,780,4705,1068,326,150672,GMT+8
ticks,1499173618360000000,i1709,4710,4710,781,4705,1077,2,150674,GMT+8
ticks,1499173618938000000,i1709,4710,4715,1751,4710,35,1810,152484,GMT+8
ticks,1499173619406000000,i1709,4710,4710,56,4705,1081,336,152820,GMT+8
ticks,1499173619921000000,i1709,4710,4710,387,4705,1125,96,152916,GMT+8
ticks,1499173620452000000,i1709,4710,4710,1313,4705,1130,10,152926,GMT+8
ticks,1499173620942000000,i1709,4710,4710,1480,4705,1046,10,152936,GMT+8
ticks,1499173621427000000,i1709,4710,4710,1479,4705,1059,22,152958,GMT+8
ticks,1499173621936000000,i1709,4710,4710,1474,4705,1057,28,152986,GMT+8
ticks,1499173622446000000,i1709,4710,4710,1468,4705,1061,34,153020,GMT+8
ticks,1499173622716000000,i1709,4710,4710,1475,4705,1057,40,153060,GMT+8
ticks,1499173623378000000,i1709,4710,4710,1476,4705,1092,4,153064,GMT+8
ticks,1499173623942000000,i1709,4710,4710,1504,4705,1085,6,153070,GMT+8
ticks,1499173624431000000,i1709,4710,4710,1509,4705,1086,36,153106,GMT+8
ticks,1499173624942000000,i1709,4710,4710,1482,4705,1105,58,153164,GMT+8
ticks,1499173625452000000,i1709,4710,4710,1173,4705,1219,630,153794,GMT+8
ticks,1499173625940000000,i1709,4710,4710,1141,4705,1215,106,153900,GMT+8
ticks,1499173626408000000,i1709,4710,4710,1165,4705,1216,24,153924,GMT+8
ticks,1499173626952000000,i1709,4710,4710,1164,4705,1220,28,153952,GMT+8
ticks,1499173627444000000,i1709,4710,4710,1217,4705,1220,58,154010,GMT+8
ticks,1499173627937000000,i1709,4710,4710,1255,4705,1212,40,154050,GMT+8
ticks,1499173628388000000,i1709,4705,4710,1267,4705,1208,2,154052,GMT+8
ticks,1499173628807000000,i1709,4710,4710,1263,4705,1208,16,154068,GMT+8
ticks,1499173629441000000,i1709,4710,4710,1261,4705,1208,14,154082,GMT+8
ticks,1499173629947000000,i1709,4710,4710,1256,4705,1210,10,154092,GMT+8
ticks,1499173630424000000,i1709,4710,4710,1262,4705,1211,2,154094,GMT+8
ticks,1499173630935000000,i1709,4710,4710,1278,4705,1211,6,154100,GMT+8
ticks,1499173631422000000,i1709,4710,4710,1278,4705,1209,4,154104,GMT+8
ticks,1499173631944000000,i1709,4705,4710,1280,4705,1216,8,154112,GMT+8
ticks,1499173632440000000,i1709,4710,4710,1257,4705,1210,52,154164,GMT+8
ticks,1499173632925000000,i1709,4710,4710,1256,4705,1211,14,154178,GMT+8
ticks,1499173633431000000,i1709,4710,4710,1234,4705,1217,82,154260,GMT+8
ticks,1499173633952000000,i1709,4710,4710,1078,4705,1221,406,154666,GMT+8
ticks,1499173634416000000,i1709,4705,4710,1072,4705,1214,26,154692,GMT+8
ticks,1499173634886000000,i1709,4710,4710,1073,4705,1203,22,154714,GMT+8
ticks,1499173635440000000,i1709,4710,4710,1175,4705,1257,2,154716,GMT+8
ticks,1499173635951000000,i1709,4705,4710,1206,4705,1256,2,154718,GMT+8
ticks,1499173636449000000,i1709,4710,4710,1194,4705,1259,30,154748,GMT+8
ticks,1499173636950000000,i1709,4705,4710,1002,4705,1256,408,155156,GMT+8
ticks,1499173637446000000,i1709,4710,4710,978,4705,1257,56,155212,GMT+8
ticks,1499173637941000000,i1709,4705,4710,981,4705,1252,8,155220,GMT+8
ticks,1499173638446000000,i1709,4705,4710,981,4705,1284,6,155226,GMT+8
ticks,1499173638885000000,i1709,4710,4710,1063,4705,1284,64,155290,GMT+8
ticks,1499173639425000000,i1709,4705,4710,1087,4705,1249,76,155366,GMT+8
ticks,1499173639916000000,i1709,4710,4710,1084,4705,1234,38,155404,GMT+8
ticks,1499173640437000000,i1709,4705,4710,1086,4705,1243,14,155418,GMT+8
ticks,1499173640941000000,i1709,4705,4710,1104,4705,1218,16,155434,GMT+8
ticks,1499173641437000000,i1709,4710,4710,1203,4705,1219,4,155438,GMT+8
ticks,1499173641936000000,i1709,4710,4710,1210,4705,1216,8,155446,GMT+8
ticks,1499173642408000000,i1709,4710,4710,1329,4705,1216,4,155450,GMT+8
ticks,1499173642949000000,i1709,4710,4710,1342,4705,1214,8,155458,GMT+8
ticks,1499173643453000000,i1709,4705,4710,1303,4705,1212,84,155542,GMT+8
ticks,1499173643909000000,i1709,4705,4710,1304,4705,716,1020,156562,GMT+8
ticks,1499173644388000000,i1709,4710,4710,1272,4705,724,74,156636,GMT+8
ticks,1499173644943000000,i1709,4705,4710,1261,4705,715,106,156742,GMT+8
ticks,1499173645395000000,i1709,4705,4710,1273,4705,697,58,156800,GMT+8
ticks,1499173645946000000,i1709,4705,4710,1278,4705,827,48,156848,GMT+8
ticks,1499173646450000000,i1709,4705,4710,1331,4705,1121,12,156860,GMT+8
ticks,1499173646923000000,i1709,4705,4710,1309,4705,1113,8,156868,GMT+8
ticks,1499173647423000000,i1709,4705,4710,1310,4705,1100,4,156872,GMT+8
ticks,1499173647933000000,i1709,4705,4710,1312,4705,605,1030,157902,GMT+8
ticks,1499173648447000000,i1709,4710,4710,1265,4705,708,128,158030,GMT+8
ticks,1499173648945000000,i1709,4705,4710,1267,4705,733,4,158034,GMT+8
ticks,1499173649431000000,i1709,4705,4710,1372,4705,664,24,158058,GMT+8
ticks,1499173649940000000,i1709,4705,4710,1342,4705,616,116,158174,GMT+8
ticks,1499173650337000000,i1709,4710,4710,1343,4705,587,12,158186,GMT+8
ticks,1499173650912000000,i1709,4705,4710,1350,4705,497,224,158410,GMT+8
ticks,1499173651452000000,i1709,4705,4710,1358,4705,448,90,158500,GMT+8
ticks,1499173651849000000,i1709,4705,4710,1374,4705,450,48,158548,GMT+8
ticks,1499173652448000000,i1709,4705,4710,1373,4705,476,20,158568,GMT+8
ticks,1499173652942000000,i1709,4705,4710,1351,4705,493,80,158648,GMT+8
ticks,1499173653440000000,i1709,4710,4710,1356,4705,511,10,158658,GMT+8
ticks,1499173653888000000,i1709,4705,4710,1256,4705,533,18,158676,GMT+8
ticks,1499173654415000000,i1709,4705,4710,1258,4705,538,12,158688,GMT+8
ticks,1499173654954000000,i1709,4705,4710,1260,4705,576,6,158694,GMT+8
ticks,1499173655453000000,i1709,4710,4710,1247,4705,584,36,158730,GMT+8
ticks,1499173655924000000,i1709,4705,4710,1247,4705,571,4,158734,GMT+8
ticks,1499173656439000000,i1709,4705,4710,1242,4705,560,14,158748,GMT+8
ticks,1499173656902000000,i1709,4705,4710,1254,4705,503,116,158864,GMT+8
ticks,1499173657423000000,i1709,4710,4710,1259,4705,484,26,158890,GMT+8
ticks,1499173657891000000,i1709,4710,4710,1257,4705,512,18,158908,GMT+8
ticks,1499173658412000000,i1709,4705,4710,1301,4705,487,64,158972,GMT+8
ticks,1499173658916000000,i1709,4705,4710,1304,4705,286,400,159372,GMT+8
ticks,1499173659444000000,i1709,4705,4710,1312,4705,337,16,159388,GMT+8
ticks,1499173659940000000,i1709,4705,4710,1345,4705,81,718,160106,GMT+8
ticks,1499173660410000000,i1709,4705,4710,1345,4705,81,44,160150,GMT+8
ticks,1499173660897000000,i1709,4705,4710,1350,4705,55,20,160170,GMT+8
ticks,1499173661443000000,i1709,4705,4710,1339,4705,21,70,160240,GMT+8
ticks,1499173661943000000,i1709,4705,4705,83,4700,1657,302,160542,GMT+8
ticks,1499173662433000000,i1709,4710,4710,1349,4705,266,200,160742,GMT+8
ticks,1499173662877000000,i1709,4705,4710,1323,4705,349,4,160746,GMT+8
ticks,1499173663440000000,i1709,4710,4710,1362,4705,373,4,160750,GMT+8
ticks,1499173663903000000,i1709,4705,4710,1365,4705,376,8,160758,GMT+8
ticks,1499173664361000000,i1709,4705,4710,1371,4705,314,18,160776,GMT+8
ticks,1499173664950000000,i1709,4710,4710,1413,4705,264,90,160866,GMT+8
ticks,1499173665451000000,i1709,4710,4710,1411,4705,167,4,160870,GMT+8
ticks,1499173665943000000,i1709,4705,4705,54,4700,1698,326,161196,GMT+8
ticks,1499173666436000000,i1709,4705,4705,298,4700,1694,6,161202,GMT+8
ticks,1499173666951000000,i1709,4705,4705,338,4700,1740,88,161290,GMT+8
ticks,1499173667415000000,i1709,4705,4705,337,4700,1740,6,161296,GMT+8
ticks,1499173667952000000,i1709,4705,4705,356,4700,1742,6,161302,GMT+8
ticks,1499173668369000000,i1709,4700,4705,388,4700,1768,12,161314,GMT+8
ticks,1499173668932000000,i1709,4705,4705,355,4700,1768,74,161388,GMT+8
ticks,1499173669439000000,i1709,4705,4705,356,4700,1743,10,161398,GMT+8
ticks,1499173669947000000,i1709,4700,4705,325,4700,1742,18,161416,GMT+8
ticks,1499173670448000000,i1709,4700,4705,319,4700,1742,26,161442,GMT+8
ticks,1499173670910000000,i1709,4700,4705,308,4700,1748,28,161470,GMT+8
ticks,1499173671441000000,i1709,4705,4710,1489,4705,77,624,162094,GMT+8
ticks,1499173671939000000,i1709,4705,4710,1474,4705,173,4,162098,GMT+8
ticks,1499173672368000000,i1709,4705,4710,1479,4705,241,8,162106,GMT+8
ticks,1499173672938000000,i1709,4705,4710,1479,4705,117,296,162402,GMT+8
ticks,1499173673395000000,i1709,4705,4710,1479,4705,163,2,162404,GMT+8
ticks,1499173673945000000,i1709,4705,4710,1489,4705,36,216,162620,GMT+8
ticks,1499173674426000000,i1709,4705,4705,81,4700,1753,72,162692,GMT+8
ticks,1499173674950000000,i1709,4705,4705,131,4700,1749,6,162698,GMT+8
ticks,1499173675419000000,i1709,4700,4705,165,4700,1748,8,162706,GMT+8
ticks,1499173675794000000,i1709,4700,4705,166,4700,1744,18,162724,GMT+8
ticks,1499173676416000000,i1709,4705,4705,195,4700,1750,2,162726,GMT+8
ticks,1499173676949000000,i1709,4705,4705,205,4700,1750,4,162730,GMT+8
ticks,1499173677440000000,i1709,4705,4705,207,4700,1731,12,162742,GMT+8
ticks,1499173677944000000,i1709,4705,4705,228,4700,1730,4,162746,GMT+8
ticks,1499173678432000000,i1709,4705,4705,232,4700,1729,6,162752,GMT+8
ticks,1499173678923000000,i1709,4705,4705,182,4700,1731,110,162862,GMT+8
ticks,1499173679432000000,i1709,4705,4705,184,4700,1727,20,162882,GMT+8
ticks,1499173679944000000,i1709,4700,4705,187,4700,1720,20,162902,GMT+8
ticks,1499173680451000000,i1709,4705,4705,191,4700,1720,26,162928,GMT+8
ticks,1499173680941000000,i1709,4705,4710,1685,4705,128,392,163320,GMT+8
ticks,1499173681392000000,i1709,4705,4710,1669,4705,199,20,163340,GMT+8
ticks,1499173681938000000,i1709,4705,4710,1670,4705,599,36,163376,GMT+8
ticks,1499173682447000000,i1709,4705,4710,1646,4705,749,14,163390,GMT+8
ticks,1499173682941000000,i1709,4705,4710,1626,4705,809,22,163412,GMT+8
ticks,1499173683426000000,i1709,4705,4710,1625,4705,855,16,163428,GMT+8
ticks,1499173683890000000,i1709,4705,4710,1627,4705,878,18,163446,GMT+8
ticks,1499173684420000000,i1709,4705,4710,1621,4705,856,16,163462,GMT+8
ticks,1499173684922000000,i1709,4705,4710,1608,4705,868,20,163482,GMT+8
ticks,1499173685425000000,i1709,4705,4710,1607,4705,872,0,163482,GMT+8
ticks,1499173685847000000,i1709,4705,4710,1611,4705,825,10,163492,GMT+8
ticks,1499173686434000000,i1709,4705,4710,1605,4705,821,10,163502,GMT+8
ticks,1499173686842000000,i1709,4705,4710,1605,4705,770,106,163608,GMT+8
ticks,1499173687412000000,i1709,4705,4710,1605,4705,769,8,163616,GMT+8
ticks,1499173687951000000,i1709,4705,4710,1596,4705,716,108,163724,GMT+8
ticks,1499173688372000000,i1709,4705,4710,1574,4705,719,0,163724,GMT+8
ticks,1499173688948000000,i1709,4710,4710,1576,4705,670,32,163756,GMT+8
ticks,1499173689443000000,i1709,4705,4710,1584,4705,686,4,163760,GMT+8
ticks,1499173689895000000,i1709,4710,4710,1580,4705,690,2,163762,GMT+8
ticks,1499173690422000000,i1709,4710,4710,1575,4705,709,18,163780,GMT+8
ticks,1499173690903000000,i1709,4705,4710,1563,4705,729,2,163782,GMT+8
ticks,1499173691451000000,i1709,4705,4710,1563,4705,723,16,163798,GMT+8
ticks,1499173691909000000,i1709,4705,4710,1541,4705,735,30,163828,GMT+8
ticks,1499173692438000000,i1709,4705,4710,1557,4705,710,0,163828,GMT+8
ticks,1499173692932000000,i1709,4705,4710,1556,4705,727,6,163834,GMT+8
ticks,1499173693422000000,i1709,4710,4710,1556,4705,751,2,163836,GMT+8
ticks,1499173693954000000,i1709,4705,4710,1568,4705,621,44,163880,GMT+8
ticks,1499173694432000000,i1709,4705,4710,1563,4705,613,0,163880,GMT+8
ticks,1499173694928000000,i1709,4705,4710,1565,4705,614,0,163880,GMT+8
ticks,1499173695450000000,i1709,4705,4710,1579,4705,598,32,163912,GMT+8
ticks,1499173695947000000,i1709,4705,4710,1573,4705,600,22,163934,GMT+8
ticks,1499173696445000000,i1709,4710,4710,1546,4705,618,36,163970,GMT+8
ticks,1499173696933000000,i1709,4705,4710,1545,4705,623,6,163976,GMT+8
ticks,1499173697450000000,i1709,4705,4710,1554,4705,601,60,164036,GMT+8
ticks,1499173697913000000,i1709,4705,4710,1549,4705,605,0,164036,GMT+8
ticks,1499173698448000000,i1709,4705,4710,1456,4705,639,4,164040,GMT+8
ticks,1499173698926000000,i1709,4705,4710,1451,4705,635,16,164056,GMT+8
ticks,1499173699444000000,i1709,4705,4710,1451,4705,635,2,164058,GMT+8
ticks,1499173699950000000,i1709,4705,4710,1451,4705,635,8,164066,GMT+8
ticks,1499173700453000000,i1709,4710,4710,1472,4705,644,4,164070,GMT+8
ticks,1499173700922000000,i1709,4705,4710,1477,4705,636,16,164086,GMT+8
ticks,1499173701416000000,i1709,4710,4710,1497,4705,639,16,164102,GMT+8
ticks,1499173701923000000,i1709,4710,4710,1503,4705,649,10,164112,GMT+8
ticks,1499173702443000000,i1709,4710,4710,1499,4705,651,8,164120,GMT+8
ticks,1499173702945000000,i1709,4710,4710,1437,4705,652,124,164244,GMT+8
ticks,1499173703308000000,i1709,4705,4710,1412,4705,670,12,164256,GMT+8
ticks,1499173703891000000,i1709,4710,4710,1412,4705,686,4,164260,GMT+8
ticks,1499173704418000000,i1709,4710,4710,1398,4705,682,48,164308,GMT+8
ticks,1499173704863000000,i1709,4705,4710,1401,4705,454,2,164310,GMT+8
ticks,1499173705348000000,i1709,4705,4710,1374,4705,482,42,164352,GMT+8
ticks,1499173705887000000,i1709,4705,4710,1382,4705,40,852,165204,GMT+8
ticks,1499173706433000000,i1709,4705,4705,258,4700,1817,140,165344,GMT+8
ticks,1499173706938000000,i1709,4705,4705,407,4700,1850,116,165460,GMT+8
ticks,1499173707428000000,i1709,4705,4705,473,4700,1849,48,165508,GMT+8
ticks,1499173707945000000,i1709,4705,4705,497,4700,1844,18,165526,GMT+8
ticks,1499173708423000000,i1709,4705,4705,690,4700,1841,14,165540,GMT+8
ticks,1499173708905000000,i1709,4705,4705,688,4700,1715,6,165546,GMT+8
ticks,1499173709431000000,i1709,4705,4705,1138,4700,1615,16,165562,GMT+8
ticks,1499173709949000000,i1709,4700,4705,1150,4700,1490,226,165788,GMT+8
ticks,1499173710335000000,i1709,4700,4705,1246,4700,1474,38,165826,GMT+8
ticks,1499173710922000000,i1709,4700,4705,1255,4700,1430,90,165916,GMT+8
ticks,1499173711451000000,i1709,4705,4705,1266,4700,1430,4,165920,GMT+8
ticks,1499173711789000000,i1709,4705,4705,1273,4700,1431,30,165950,GMT+8
ticks,1499173712407000000,i1709,4705,4705,1271,4700,1459,12,165962,GMT+8
ticks,1499173712907000000,i1709,4700,4705,1128,4700,1457,2,165964,GMT+8
ticks,1499173713418000000,i1709,4705,4705,1130,4700,1451,18,165982,GMT+8
ticks,1499173713923000000,i1709,4705,4705,919,4700,1465,54,166036,GMT+8
ticks,1499173714446000000,i1709,4705,4705,565,4700,1466,716,166752,GMT+8
ticks,1499173714855000000,i1709,4705,4710,1480,4705,592,1140,167892,GMT+8
ticks,1499173715454000000,i1709,4705,4710,1452,4705,661,12,167904,GMT+8
ticks,1499173715934000000,i1709,4705,4710,1452,4705,520,66,167970,GMT+8
ticks,1499173716412000000,i1709,4705,4710,1452,4705,606,6,167976,GMT+8
ticks,1499173716948000000,i1709,4705,4710,1468,4705,604,6,167982,GMT+8
ticks,1499173717417000000,i1709,4705,4710,1488,4705,595,24,168006,GMT+8
ticks,1499173717930000000,i1709,4705,4710,1488,4705,590,10,168016,GMT+8
ticks,1499173718424000000,i1709,4710,4710,1485,4705,579,26,168042,GMT+8
ticks,1499173718942000000,i1709,4705,4710,1483,4705,577,6,168048,GMT+8
ticks,1499173719407000000,i1709,4710,4710,1481,4705,575,16,168064,GMT+8
ticks,1499173719927000000,i1709,4710,4710,1463,4705,1586,16,168080,GMT+8
ticks,1499173720435000000,i1709,4705,4710,1466,4705,1587,2,168082,GMT+8
ticks,1499173720917000000,i1709,4710,4710,1471,4705,1585,8,168090,GMT+8
ticks,1499173721430000000,i1709,4710,4710,1468,4705,1585,6,168096,GMT+8
ticks,1499173721908000000,i1709,4705,4710,1467,4705,1600,10,168106,GMT+8
ticks,1499173722454000000,i1709,4705,4710,1463,4705,1617,0,168106,GMT+8
ticks,1499173722948000000,i1709,4705,4710,1467,4705,1773,4,168110,GMT+8
ticks,1499173723454000000,i1709,4705,4710,1471,4705,1768,10,168120,GMT+8
ticks,1499173723949000000,i1709,4705,4710,1475,4705,1768,0,168120,GMT+8
ticks,1499173724408000000,i1709,4705,4710,1474,4705,1764,8,168128,GMT+8
ticks,1499173724856000000,i1709,4710,4710,1406,4705,1766,134,168262,GMT+8
ticks,1499173725448000000,i1709,4705,4710,1411,4705,1760,12,168274,GMT+8
ticks,1499173725940000000,i1709,4705,4710,1415,4705,1760,2,168276,GMT+8
ticks,1499173726437000000,i1709,4705,4710,1411,4705,1759,12,168288,GMT+8
ticks,1499173726944000000,i1709,4705,4710,1411,4705,1756,2,168290,GMT+8
ticks,1499173727421000000,i1709,4710,4710,1405,4705,1758,16,168306,GMT+8
ticks,1499173727945000000,i1709,4705,4710,1415,4705,1749,24,168330,GMT+8
ticks,1499173728259000000,i1709,4710,4710,1414,4705,1750,2,168332,GMT+8
ticks,1499173728953000000,i1709,4710,4710,1411,4705,1752,4,168336,GMT+8
ticks,1499173729276000000,i1709,4705,4710,1404,4705,1749,22,168358,GMT+8
ticks,1499173729950000000,i1709,4710,4710,1366,4705,1748,46,168404,GMT+8
ticks,1499173730443000000,i1709,4705,4710,1366,4705,1747,4,168408,GMT+8
ticks,1499173730943000000,i1709,4710,4710,1379,4705,1747,2,168410,GMT+8
ticks,1499173731442000000,i1709,4705,4710,1383,4705,1736,20,168430,GMT+8
ticks,1499173731951000000,i1709,4710,4710,1375,4705,1742,8,168438,GMT+8
ticks,1499173732446000000,i1709,4710,4710,1385,4705,1745,6,168444,GMT+8
ticks,1499173732844000000,i1709,4710,4710,1386,4705,1737,28,168472,GMT+8
ticks,1499173733409000000,i1709,4710,4710,1374,4705,1736,26,168498,GMT+8
ticks,1499173733916000000,i1709,4705,4710,1375,4705,1725,26,168524,GMT+8
ticks,1499173734424000000,i1709,4710,4710,1374,4705,1732,2,168526,GMT+8
ticks,1499173734838000000,i1709,4705,4710,1375,4705,1734,6,168532,GMT+8
ticks,1499173735401000000,i1709,4710,4710,1369,4705,1734,16,168548,GMT+8
ticks,1499173735932000000,i1709,4705,4710,1370,4705,1698,92,168640,GMT+8
ticks,1499173736411000000,i1709,4710,4710,1363,4705,1700,28,168668,GMT+8
ticks,1499173736898000000,i1709,4705,4710,1268,4705,1698,204,168872,GMT+8
ticks,1499173737446000000,i1709,4705,4710,1272,4705,1748,0,168872,GMT+8
ticks,1499173737926000000,i1709,4705,4710,1268,4705,1747,14,168886,GMT+8
ticks,1499173738332000000,i1709,4710,4710,1266,4705,1747,4,168890,GMT+8
ticks,1499173738927000000,i1709,4710,4710,1219,4705,1751,96,168986,GMT+8
ticks,1499173739333000000,i1709,4710,4710,1219,4705,1751,2,168988,GMT+8
ticks,1499173739937000000,i1709,4705,4710,1220,4705,1751,12,169000,GMT+8
ticks,1499173740434000000,i1709,4705,4710,1229,4705,1748,6,169006,GMT+8
ticks,1499173740918000000,i1709,4710,4710,1234,4705,1746,16,169022,GMT+8
ticks,1499173741352000000,i1709,4710,4710,1234,4705,1751,4,169026,GMT+8
ticks,1499173741947000000,i1709,4705,4710,1235,4705,1759,10,169036,GMT+8
ticks,1499173742451000000,i1709,4710,4710,1230,4705,1771,6,169042,GMT+8
ticks,1499173742883000000,i1709,4710,4710,1230,4705,1753,48,169090,GMT+8
ticks,1499173743409000000,i1709,4710,4710,1227,4705,1747,20,169110,GMT+8
ticks,1499173743952000000,i1709,4705,4710,1224,4705,1748,10,169120,GMT+8
ticks,1499173744445000000,i1709,4710,4710,1230,4705,1750,8,169128,GMT+8
ticks,1499173744714000000,i1709,4710,4710,1231,4705,1750,4,169132,GMT+8
ticks,1499173745424000000,i1709,4705,4710,1236,4705,1750,2,169134,GMT+8
ticks,1499173745903000000,i1709,4705,4710,1254,4705,1746,12,169146,GMT+8
ticks,1499173746269000000,i1709,4705,4710,1256,4705,1759,0,169146,GMT+8
ticks,1499173746923000000,i1709,4710,4710,1250,4705,1759,6,169152,GMT+8
ticks,1499173747327000000,i1709,4710,4710,1228,4705,1839,12,169164,GMT+8
ticks,1499173747901000000,i1709,4705,4710,1228,4705,1839,2,169166,GMT+8
ticks,1499173748428000000,i1709,4705,4710,1227,4705,1838,0,169166,GMT+8
ticks,1499173748949000000,i1709,4705,4710,1230,4705,1809,32,169198,GMT+8
ticks,1499173749251000000,i1709,4710,4710,1228,4705,1809,4,169202,GMT+8
ticks,1499173749904000000,i1709,4710,4710,1231,4705,1808,0,169202,GMT+8
ticks,1499173750361000000,i1709,4705,4710,1241,4705,1808,10,169212,GMT+8
ticks,1499173750862000000,i1709,4710,4710,1238,4705,1808,8,169220,GMT+8
ticks,1499173751450000000,i1709,4705,4710,1240,4705,1821,2,169222,GMT+8
ticks,1499173751934000000,i1709,4705,4710,1260,4705,1839,4,169226,GMT+8
ticks,1499173752452000000,i1709,4710,4710,1258,4705,1840,2,169228,GMT+8
ticks,1499173752941000000,i1709,4710,4710,1279,4705,1849,4,169232,GMT+8
ticks,1499173753394000000,i1709,4705,4710,1307,4705,1848,4,169236,GMT+8
ticks,1499173753901000000,i1709,4710,4710,1309,4705,1818,60,169296,GMT+8
ticks,1499173754402000000,i1709,4705,4710,1308,4705,1819,2,169298,GMT+8
ticks,1499173754889000000,i1709,4705,4710,1309,4705,1818,2,169300,GMT+8
ticks,1499173755321000000,i1709,4710,4710,1309,4705,1838,8,169308,GMT+8
ticks,1499173755935000000,i1709,4710,4710,1308,4705,1835,8,169316,GMT+8
ticks,1499173756435000000,i1709,4705,4710,1310,4705,1832,14,169330,GMT+8
ticks,1499173756863000000,i1709,4705,4710,1325,4705,1830,8,169338,GMT+8
ticks,1499173757417000000,i1709,4710,4710,1326,4705,1829,2,169340,GMT+8
ticks,1499173757938000000,i1709,4710,4710,1357,4705,1839,0,169340,GMT+8
ticks,1499173758413000000,i1709,4710,4710,1358,4705,1840,6,169346,GMT+8
ticks,1499173758821000000,i1709,4705,4710,1359,4705,1839,2,169348,GMT+8
ticks,1499173759414000000,i1709,4710,4710,1388,4705,1841,4,169352,GMT+8
ticks,1499173759924000000,i1709,4705,4710,1390,4705,1837,14,169366,GMT+8
ticks,1499173760370000000,i1709,4710,4710,1381,4705,1836,24,169390,GMT+8
ticks,1499173760949000000,i1709,4710,4710,1375,4705,1835,14,169404,GMT+8
ticks,1499173761417000000,i1709,4705,4710,1366,4705,1834,26,169430,GMT+8
ticks,1499173761864000000,i1709,4705,4710,1365,4705,1838,6,169436,GMT+8
ticks,1499173762437000000,i1709,4710,4710,1372,4705,1841,4,169440,GMT+8
ticks,1499173762951000000,i1709,4705,4710,1372,4705,1837,4,169444,GMT+8
ticks,1499173763450000000,i1709,4710,4710,1371,4705,1839,6,169450,GMT+8
ticks,1499173763944000000,i1709,4710,4710,1365,4705,1831,16,169466,GMT+8
ticks,1499173764450000000,i1709,4710,4710,1363,4705,1837,2,169468,GMT+8
ticks,1499173764942000000,i1709,4710,4710,1365,4705,1839,0,169468,GMT+8
ticks,1499173765340000000,i1709,4710,4710,929,4705,1954,908,170376,GMT+8
ticks,1499173765891000000,i1709,4710,4710,903,4705,1934,86,170462,GMT+8
ticks,1499173766440000000,i1709,4710,4710,897,4705,1936,14,170476,GMT+8
ticks,1499173766885000000,i1709,4710,4710,875,4705,1977,38,170514,GMT+8
ticks,1499173767440000000,i1709,4710,4710,850,4705,2008,50,170564,GMT+8
ticks,1499173767951000000,i1709,4710,4710,844,4705,2008,12,170576,GMT+8
ticks,1499173768451000000,i1709,4710,4710,858,4705,2009,4,170580,GMT+8
ticks,1499173768869000000,i1709,4710,4710,826,4705,2008,70,170650,GMT+8
ticks,1499173769399000000,i1709,4710,4710,869,4705,2007,22,170672,GMT+8
ticks,1499173769920000000,i1709,4710,4710,881,4705,1906,206,170878,GMT+8
ticks,1499173770420000000,i1709,4710,4710,879,4705,1907,6,170884,GMT+8
ticks,1499173770853000000,i1709,4710,4710,767,4705,1905,230,171114,GMT+8
ticks,1499173771346000000,i1709,4710,4710,830,4705,1905,14,171128,GMT+8
ticks,1499173771885000000,i1709,4710,4710,855,4705,1905,30,171158,GMT+8
ticks,1499173772434000000,i1709,4710,4710,849,4705,1918,20,171178,GMT+8
ticks,1499173772926000000,i1709,4710,4710,889,4705,1918,6,171184,GMT+8
ticks,1499173773449000000,i1709,4710,4710,887,4705,1918,6,171190,GMT+8
ticks,1499173773876000000,i1709,4710,4710,992,4705,1829,204,171394,GMT+8
ticks,1499173774412000000,i1709,4710,4710,1029,4705,1829,0,171394,GMT+8
ticks,1499173774953000000,i1709,4710,4710,1014,4705,1830,20,171414,GMT+8
ticks,1499173775441000000,i1709,4710,4710,1025,4705,1831,16,171430,GMT+8
ticks,1499173775789000000,i1709,4710,4710,1027,4705,1934,4,171434,GMT+8
ticks,1499173776440000000,i1709,4710,4710,1021,4705,1927,40,171474,GMT+8
ticks,1499173776951000000,i1709,4710,4710,1048,4705,1918,18,171492,GMT+8
ticks,1499173777394000000,i1709,4705,4710,1017,4705,1918,74,171566,GMT+8
ticks,1499173777931000000,i1709,4710,4710,1001,4705,1913,38,171604,GMT+8
ticks,1499173778400000000,i1709,4705,4710,991,4705,1912,22,171626,GMT+8
ticks,1499173778896000000,i1709,4710,4710,989,4705,1914,6,171632,GMT+8
ticks,1499173779952000000,i1709,4710,4710,1010,4705,1923,6,171638,GMT+8
ticks,1499173780420000000,i1709,4705,4710,1015,4705,1898,6,171644,GMT+8
ticks,1499173780794000000,i1709,4710,4710,1014,4705,1991,14,171658,GMT+8
ticks,1499173781443000000,i1709,4710,4710,1010,4705,1890,212,171870,GMT+8
ticks,1499173781913000000,i1709,4705,4710,1314,4705,1889,2,171872,GMT+8
ticks,1499173782405000000,i1709,4710,4710,1313,4705,1889,4,171876,GMT+8
ticks,1499173782863000000,i1709,4710,4710,1294,4705,1888,0,171876,GMT+8
ticks,1499173783387000000,i1709,4710,4710,1304,4705,1889,0,171876,GMT+8
ticks,1499173783898000000,i1709,4705,4710,1306,4705,1872,32,171908,GMT+8
ticks,1499173784444000000,i1709,4710,4710,1307,4705,1875,2,171910,GMT+8
ticks,1499173784889000000,i1709,4710,4710,1304,4705,1780,12,171922,GMT+8
ticks,1499173785448000000,i1709,4705,4710,1319,4705,1769,22,171944,GMT+8
ticks,1499173785924000000,i1709,4710,4710,1324,4705,1768,30,171974,GMT+8
ticks,1499173786452000000,i1709,4710,4710,1328,4705,1765,4,171978,GMT+8
ticks,1499173786888000000,i1709,4710,4710,1070,4705,1765,4,171982,GMT+8
ticks,1499173787447000000,i1709,4710,4710,1075,4705,1766,2,171984,GMT+8
ticks,1499173787938000000,i1709,4705,4710,1075,4705,1725,6,171990,GMT+8
ticks,1499173788426000000,i1709,4705,4710,1077,4705,1724,12,172002,GMT+8
ticks,1499173788885000000,i1709,4710,4710,1078,4705,1726,8,172010,GMT+8
ticks,1499173789235000000,i1709,4710,4710,1088,4705,1731,0,172010,GMT+8
ticks,1499173789857000000,i1709,4710,4710,1147,4705,1729,38,172048,GMT+8
ticks,1499173790448000000,i1709,4710,4710,1267,4705,1820,4,172052,GMT+8
ticks,1499173790858000000,i1709,4705,4710,1267,4705,1944,2,172054,GMT+8
ticks,1499173791453000000,i1709,4710,4710,1266,4705,1947,4,172058,GMT+8
ticks,1499173791824000000,i1709,4710,4710,1263,4705,1949,8,172066,GMT+8
ticks,1499173792409000000,i1709,4710,4710,1264,4705,1947,2,172068,GMT+8
ticks,1499173792778000000,i1709,4710,4710,1263,4705,1947,4,172072,GMT+8
ticks,1499173793412000000,i1709,4710,4710,1239,4705,1947,50,172122,GMT+8
ticks,1499173793946000000,i1709,4705,4710,1235,4705,1935,34,172156,GMT+8
ticks,1499173794455000000,i1709,4710,4710,1224,4705,1930,54,172210,GMT+8
ticks,1499173794864000000,i1709,4710,4710,1224,4705,1931,0,172210,GMT+8
ticks,1499173795364000000,i1709,4710,4710,1232,4705,1931,0,172210,GMT+8
ticks,1499173795681000000,i1709,4710,4710,1228,4705,1931,8,172218,GMT+8
ticks,1499173796436000000,i1709,4710,4710,1232,4705,1933,14,172232,GMT+8
ticks,1499173796859000000,i1709,4710,4710,1224,4705,1934,22,172254,GMT+8
ticks,1499173797445000000,i1709,4710,4710,1217,4705,1932,18,172272,GMT+8
ticks,1499173797946000000,i1709,4710,4710,1214,4705,1877,6,172278,GMT+8
ticks,1499173798440000000,i1709,4705,4710,1323,4705,1877,2,172280,GMT+8
ticks,1499173798942000000,i1709,4710,4710,1317,4705,1858,12,172292,GMT+8
ticks,1499173799389000000,i1709,4710,4710,1285,4705,1858,66,172358,GMT+8
ticks,1499173799857000000,i1709,4710,4710,1290,4705,1859,4,172362,GMT+8
ticks,1499173800452000000,i1709,4705,4710,1289,4705,1848,12,172374,GMT+8
ticks,1499173800936000000,i1709,4710,4710,1281,4705,1835,40,172414,GMT+8
ticks,1499173801438000000,i1709,4710,4710,1188,4705,1860,2,172416,GMT+8
ticks,1499173801926000000,i1709,4705,4710,1186,4705,1858,8,172424,GMT+8
ticks,1499173802441000000,i1709,4710,4710,1220,4705,1861,4,172428,GMT+8
ticks,1499173802788000000,i1709,4705,4710,1210,4705,1845,48,172476,GMT+8
ticks,1499173803402000000,i1709,4710,4710,1122,4705,1847,2,172478,GMT+8
ticks,1499173803792000000,i1709,4705,4710,1140,4705,1847,2,172480,GMT+8
ticks,1499173804437000000,i1709,4705,4710,1238,4705,1848,4,172484,GMT+8
ticks,1499173804923000000,i1709,4705,4710,1238,4705,1844,0,172484,GMT+8
ticks,1499173805416000000,i1709,4710,4710,1240,4705,1844,6,172490,GMT+8
ticks,1499173805906000000,i1709,4710,4710,1236,4705,1843,8,172498,GMT+8
ticks,1499173806386000000,i1709,4710,4710,1197,4705,1851,10,172508,GMT+8
ticks,1499173806939000000,i1709,4710,4710,1171,4705,1846,70,172578,GMT+8
ticks,1499173807434000000,i1709,4710,4710,1089,4705,1851,84,172662,GMT+8
ticks,1499173807902000000,i1709,4710,4710,878,4705,1878,434,173096,GMT+8
ticks,1499173808435000000,i1709,4710,4710,793,4705,1879,168,173264,GMT+8
ticks,1499173808934000000,i1709,4710,4710,715,4705,1886,268,173532,GMT+8
ticks,1499173809425000000,i1709,4710,4710,720,4705,1921,8,173540,GMT+8
ticks,1499173809864000000,i1709,4705,4710,721,4705,1915,22,173562,GMT+8
ticks,1499173810453000000,i1709,4705,4710,812,4705,1902,18,173580,GMT+8
ticks,1499173810926000000,i1709,4710,4710,826,4705,1900,14,173594,GMT+8
ticks,1499173811427000000,i1709,4710,4710,826,4705,1898,12,173606,GMT+8
ticks,1499173811908000000,i1709,4710,4710,821,4705,1878,52,173658,GMT+8
ticks,1499173812425000000,i1709,4710,4710,821,4705,1879,4,173662,GMT+8
ticks,1499173812904000000,i1709,4710,4710,813,4705,1883,18,173680,GMT+8
ticks,1499173813434000000,i1709,4710,4710,799,4705,1882,32,173712,GMT+8
ticks,1499173813940000000,i1709,4710,4710,785,4705,1885,22,173734,GMT+8
ticks,1499173814327000000,i1709,4710,4710,782,4705,1886,8,173742,GMT+8
ticks,1499173814887000000,i1709,4705,4710,783,4705,1876,24,173766,GMT+8
ticks,1499173815304000000,i1709,4710,4710,783,4705,1873,6,173772,GMT+8
ticks,1499173815928000000,i1709,4710,4715,1886,4710,274,1598,175370,GMT+8
ticks,1499173816425000000,i1709,4710,4715,1886,4710,433,16,175386,GMT+8
ticks,1499173816855000000,i1709,4710,4715,1866,4710,494,2,175388,GMT+8
ticks,1499173817396000000,i1709,4710,4715,1831,4710,1115,2,175390,GMT+8
ticks,1499173817920000000,i1709,4710,4715,1831,4710,1113,6,175396,GMT+8
ticks,1499173818347000000,i1709,4710,4715,1831,4710,1175,2,175398,GMT+8
ticks,1499173818951000000,i1709,4715,4715,1827,4710,1177,2,175400,GMT+8
ticks,1499173819455000000,i1709,4715,4715,1756,4710,1205,252,175652,GMT+8
ticks,1499173819951000000,i1709,4715,4715,1686,4710,1276,146,175798,GMT+8
ticks,1499173820448000000,i1709,4715,4715,1687,4710,1235,2,175800,GMT+8
ticks,1499173820863000000,i1709,4715,4715,1680,4710,1244,12,175812,GMT+8
ticks,1499173821450000000,i1709,4715,4715,1675,4710,1251,8,175820,GMT+8
ticks,1499173821952000000,i1709,4715,4715,1672,4710,1254,10,175830,GMT+8
ticks,1499173822452000000,i1709,4715,4715,1664,4710,1312,14,175844,GMT+8
ticks,1499173822954000000,i1709,4710,4715,1661,4710,1318,14,175858,GMT+8
ticks,1499173823447000000,i1709,4710,4715,1697,4710,1332,38,175896,GMT+8
ticks,1499173823954000000,i1709,4715,4715,1605,4710,1467,196,176092,GMT+8
ticks,1499173824433000000,i1709,4710,4715,1599,4710,1472,18,176110,GMT+8
ticks,1499173824857000000,i1709,4715,4715,1594,4710,1476,10,176120,GMT+8
ticks,1499173825423000000,i1709,4715,4715,1582,4710,1484,32,176152,GMT+8
ticks,1499173825915000000,i1709,4715,4715,1572,4710,1486,20,176172,GMT+8
ticks,1499173826352000000,i1709,4715,4715,646,4710,1477,1274,177446,GMT+8
ticks,1499173826873000000,i1709,4715,4715,372,4710,1504,550,177996,GMT+8
ticks,1499173827440000000,i1709,4715,4715,280,4710,1525,194,178190,GMT+8
ticks,1499173827953000000,i1709,4715,4720,2107,4715,159,862,179052,GMT+8
ticks,1499173828449000000,i1709,4720,4720,2098,4715,309,44,179096,GMT+8
ticks,1499173828954000000,i1709,4715,4720,1774,4715,542,606,179702,GMT+8
ticks,1499173829420000000,i1709,4720,4720,1761,4715,585,60,179762,GMT+8
ticks,1499173829908000000,i1709,4715,4720,1755,4715,680,22,179784,GMT+8
ticks,1499173830447000000,i1709,4720,4720,1755,4715,680,24,179808,GMT+8
ticks,1499173830952000000,i1709,4720,4720,1749,4715,684,6,179814,GMT+8
ticks,1499173831418000000,i1709,4720,4720,1724,4715,705,52,179866,GMT+8
ticks,1499173831955000000,i1709,4720,4720,1783,4715,702,58,179924,GMT+8
ticks,1499173832404000000,i1709,4720,4720,1776,4715,704,16,179940,GMT+8
ticks,1499173832952000000,i1709,4720,4720,1761,4715,910,48,179988,GMT+8
ticks,1499173833449000000,i1709,4720,4720,1797,4715,915,60,180048,GMT+8
ticks,1499173833901000000,i1709,4720,4720,1545,4715,927,536,180584,GMT+8
ticks,1499173834454000000,i1709,4720,4720,1529,4715,928,40,180624,GMT+8
ticks,1499173834937000000,i1709,4720,4720,1515,4715,916,34,180658,GMT+8
ticks,1499173835377000000,i1709,4720,4720,1514,4715,910,12,180670,GMT+8
ticks,1499173835946000000,i1709,4720,4720,1504,4715,929,38,180708,GMT+8
ticks,1499173836441000000,i1709,4715,4720,1500,4715,943,22,180730,GMT+8
ticks,1499173836952000000,i1709,4715,4720,1490,4715,924,78,180808,GMT+8
ticks,1499173837437000000,i1709,4720,4720,1490,4715,929,24,180832,GMT+8
ticks,1499173837941000000,i1709,4720,4720,1465,4715,944,58,180890,GMT+8
ticks,1499173838392000000,i1709,4720,4720,1462,4715,945,10,180900,GMT+8
ticks,1499173838952000000,i1709,4720,4720,615,4715,968,1188,182088,GMT+8
ticks,1499173839432000000,i1709,4715,4720,611,4715,993,18,182106,GMT+8
ticks,1499173839928000000,i1709,4720,4720,601,4715,1012,40,182146,GMT+8
ticks,1499173840446000000,i1709,4720,4720,696,4715,1118,158,182304,GMT+8
ticks,1499173840938000000,i1709,4720,4720,751,4715,1118,22,182326,GMT+8
ticks,1499173841419000000,i1709,4720,4720,1030,4715,1082,210,182536,GMT+8
ticks,1499173841954000000,i1709,4720,4720,1184,4715,1088,110,182646,GMT+8
ticks,1499173842451000000,i1709,4720,4720,1445,4715,981,22,182668,GMT+8
ticks,1499173842947000000,i1709,4720,4720,1558,4715,966,26,182694,GMT+8
ticks,1499173843452000000,i1709,4720,4720,1576,4715,967,30,182724,GMT+8
ticks,1499173843922000000,i1709,4715,4720,1757,4715,984,276,183000,GMT+8
ticks,1499173844427000000,i1709,4720,4720,1749,4715,988,22,183022,GMT+8
ticks,1499173844887000000,i1709,4715,4720,1748,4715,989,16,183038,GMT+8
ticks,1499173845452000000,i1709,4720,4720,1753,4715,923,136,183174,GMT+8
ticks,1499173845948000000,i1709,4720,4720,1787,4715,794,270,183444,GMT+8
ticks,1499173846408000000,i1709,4720,4720,1718,4715,681,408,183852,GMT+8
ticks,1499173846955000000,i1709,4715,4720,1803,4715,629,146,183998,GMT+8
ticks,1499173847435000000,i1709,4720,4720,1776,4715,582,172,184170,GMT+8
ticks,1499173847945000000,i1709,4720,4720,1771,4715,561,72,184242,GMT+8
ticks,1499173848428000000,i1709,4715,4720,1791,4715,573,8,184250,GMT+8
ticks,1499173848934000000,i1709,4720,4720,1783,4715,555,32,184282,GMT+8
ticks,1499173849447000000,i1709,4720,4720,1760,4715,555,2,184284,GMT+8
ticks,1499173849953000000,i1709,4720,4720,1713,4715,549,70,184354,GMT+8
ticks,1499173850445000000,i1709,4715,4720,1777,4715,570,78,184432,GMT+8
ticks,1499173850926000000,i1709,4720,4720,1699,4715,597,164,184596,GMT+8
ticks,1499173851448000000,i1709,4715,4720,1713,4715,598,38,184634,GMT+8
ticks,1499173851951000000,i1709,4720,4720,1719,4715,593,32,184666,GMT+8
ticks,1499173852432000000,i1709,4715,4720,1727,4715,602,18,184684,GMT+8
ticks,1499173852902000000,i1709,4720,4720,1721,4715,600,48,184732,GMT+8
ticks,1499173853455000000,i1709,4715,4715,685,4710,1220,1584,186316,GMT+8
ticks,1499173853923000000,i1709,4715,4715,1007,4710,1070,12,186328,GMT+8
ticks,1499173854418000000,i1709,4715,4715,1334,4710,1080,32,186360,GMT+8
ticks,1499173854949000000,i1709,4715,4715,1442,4710,1117,28,186388,GMT+8
ticks,1499173855367000000,i1709,4715,4715,1465,4710,1118,14,186402,GMT+8
ticks,1499173855943000000,i1709,4715,4715,1464,4710,1108,14,186416,GMT+8
ticks,1499173856419000000,i1709,4715,4715,1461,4710,1208,10,186426,GMT+8
ticks,1499173856917000000,i1709,4715,4715,847,4710,1218,1236,187662,GMT+8
ticks,1499173857454000000,i1709,4715,4715,853,4710,1218,10,187672,GMT+8
ticks,1499173857956000000,i1709,4715,4715,865,4710,1208,40,187712,GMT+8
ticks,1499173858439000000,i1709,4715,4715,160,4710,1209,1412,189124,GMT+8
ticks,1499173858947000000,i1709,4715,4715,47,4710,1405,752,189876,GMT+8
ticks,1499173859422000000,i1709,4710,4715,217,4710,1273,62,189938,GMT+8
ticks,1499173859919000000,i1709,4715,4715,199,4710,1302,36,189974,GMT+8
ticks,1499173860450000000,i1709,4715,4715,226,4710,1316,72,190046,GMT+8
ticks,1499173860936000000,i1709,4715,4715,207,4710,1419,32,190078,GMT+8
ticks,1499173861389000000,i1709,4715,4715,178,4710,1428,64,190142,GMT+8
ticks,1499173861946000000,i1709,4715,4715,142,4710,1447,82,190224,GMT+8
ticks,1499173862409000000,i1709,4715,4715,104,4710,1427,88,190312,GMT+8
ticks,1499173862930000000,i1709,4715,4715,96,4710,1431,28,190340,GMT+8
ticks,1499173863418000000,i1709,4715,4715,250,4710,1424,184,190524,GMT+8
ticks,1499173863896000000,i1709,4715,4715,447,4710,1425,10,190534,GMT+8
ticks,1499173864401000000,i1709,4715,4715,491,4710,1336,28,190562,GMT+8
ticks,1499173864950000000,i1709,4715,4715,653,4710,1342,20,190582,GMT+8
ticks,1499173865436000000,i1709,4710,4715,603,4710,1346,128,190710,GMT+8
ticks,1499173865873000000,i1709,4715,4715,504,4710,1338,220,190930,GMT+8
ticks,1499173866443000000,i1709,4710,4715,523,4710,1345,8,190938,GMT+8
ticks,1499173866949000000,i1709,4715,4715,518,4710,1339,28,190966,GMT+8
ticks,1499173867427000000,i1709,4715,4715,515,4710,1341,12,190978,GMT+8
ticks,1499173867896000000,i1709,4715,4715,710,4710,1340,28,191006,GMT+8
ticks,1499173868451000000,i1709,4710,4715,735,4710,1339,2,191008,GMT+8
ticks,1499173868948000000,i1709,4715,4715,741,4710,1344,12,191020,GMT+8
ticks,1499173869440000000,i1709,4715,4715,730,4710,1293,106,191126,GMT+8
ticks,1499173869954000000,i1709,4710,4715,732,4710,1300,4,191130,GMT+8
ticks,1499173870421000000,i1709,4715,4715,728,4710,1457,12,191142,GMT+8
ticks,1499173870936000000,i1709,4715,4715,772,4710,1336,42,191184,GMT+8
ticks,1499173871436000000,i1709,4715,4715,775,4710,1337,4,191188,GMT+8
ticks,1499173871886000000,i1709,4710,4715,774,4710,1346,6,191194,GMT+8
ticks,1499173872444000000,i1709,4710,4715,802,4710,1393,8,191202,GMT+8
ticks,1499173872942000000,i1709,4715,4715,896,4710,1395,58,191260,GMT+8
ticks,1499173873434000000,i1709,4710,4715,903,4710,1411,20,191280,GMT+8
ticks,1499173873944000000,i1709,4715,4715,909,4710,1262,310,191590,GMT+8
ticks,1499173874449000000,i1709,4710,4715,911,4710,1253,6,191596,GMT+8
ticks,1499173874879000000,i1709,4710,4715,972,4710,1252,0,191596,GMT+8
ticks,1499173875449000000,i1709,4710,4715,977,4710,1247,12,191608,GMT+8
ticks,1499173875908000000,i1709,4710,4715,975,4710,1249,10,191618,GMT+8
ticks,1499173876429000000,i1709,4710,4715,997,4710,1231,0,191618,GMT+8
ticks,1499173876936000000,i1709,4715,4715,1011,4710,1236,54,191672,GMT+8
ticks,1499173877437000000,i1709,4715,4715,1013,4710,1238,8,191680,GMT+8
ticks,1499173877955000000,i1709,4715,4715,1018,4710,1238,8,191688,GMT+8
ticks,1499173878409000000,i1709,4715,4715,1035,4710,1242,6,191694,GMT+8
ticks,1499173878896000000,i1709,4710,4715,1044,4710,1244,4,191698,GMT+8
ticks,1499173879450000000,i1709,4710,4715,1044,4710,1250,2,191700,GMT+8
ticks,1499173879927000000,i1709,4710,4715,1055,4710,1242,4,191704,GMT+8
ticks,1499173880425000000,i1709,4710,4715,1056,4710,1272,4,191708,GMT+8
ticks,1499173880904000000,i1709,4710,4715,1095,4710,1182,228,191936,GMT+8
ticks,1499173881450000000,i1709,4715,4715,1092,4710,1197,14,191950,GMT+8
ticks,1499173881944000000,i1709,4715,4715,1037,4710,1228,134,192084,GMT+8
ticks,1499173882397000000,i1709,4710,4715,1155,4710,1224,4,192088,GMT+8
ticks,1499173882936000000,i1709,4715,4715,1153,4710,1226,6,192094,GMT+8
ticks,1499173883424000000,i1709,4710,4715,1147,4710,1229,16,192110,GMT+8
ticks,1499173883953000000,i1709,4715,4715,1129,4710,1229,32,192142,GMT+8
ticks,1499173884391000000,i1709,4715,4715,1119,4710,1232,10,192152,GMT+8
ticks,1499173884896000000,i1709,4715,4715,1119,4710,1232,20,192172,GMT+8
ticks,1499173885402000000,i1709,4715,4715,1143,4710,1206,8,192180,GMT+8
ticks,1499173885929000000,i1709,4710,4715,1144,4710,1212,2,192182,GMT+8
ticks,1499173886392000000,i1709,4715,4715,1161,4710,1214,2,192184,GMT+8
ticks,1499173886942000000,i1709,4710,4715,1164,4710,1211,16,192200,GMT+8
ticks,1499173887453000000,i1709,4715,4715,1154,4710,1307,14,192214,GMT+8
ticks,1499173887929000000,i1709,4715,4715,1164,4710,1308,6,192220,GMT+8
ticks,1499173888421000000,i1709,4715,4715,1165,4710,1308,10,192230,GMT+8
ticks,1499173888945000000,i1709,4715,4715,1164,4710,1298,30,192260,GMT+8
ticks,1499173889428000000,i1709,4715,4715,1170,4710,1302,2,192262,GMT+8
ticks,1499173889954000000,i1709,4710,4715,1189,4710,1322,4,192266,GMT+8
ticks,1499173890441000000,i1709,4715,4715,1115,4710,1349,16,192282,GMT+8
ticks,1499173890923000000,i1709,4715,4715,1111,4710,1352,8,192290,GMT+8
ticks,1499173891403000000,i1709,4715,4715,1108,4710,1355,16,192306,GMT+8
ticks,1499173891938000000,i1709,4710,4715,1071,4710,1322,6,192312,GMT+8
ticks,1499173892298000000,i1709,4710,4715,1072,4710,1321,2,192314,GMT+8
ticks,1499173892894000000,i1709,4715,4715,1083,4710,1321,2,192316,GMT+8
ticks,1499173893425000000,i1709,4715,4715,990,4710,1328,6,192322,GMT+8
ticks,1499173893928000000,i1709,4710,4715,998,4710,1025,614,192936,GMT+8
ticks,1499173894454000000,i1709,4715,4715,997,4710,1061,6,192942,GMT+8
